2798 4980
671 350 734 417 117

115 532 175 616 (sio
210 531 297 598 enim
332 532 490 622 nominat)
526 557 612 621 saepe
643 539 797 604 meminit.
843 541 942 608 Vides
973 545 1071 628 igitur
1104 547 1219 630 quanti
1248 554 1280 616 te

114 637 215 704 faciat
243 637 369 719 Faber,
403 646 588 726 quantaque
621 642 752 710 honoris
783 647 974 729 praefatione
997 648 1038 715 de
1061 657 1095 716 te
1117 650 1278 736 loquatur.

112 743 246 808 memini
282 764 340 827 ego
372 766 412 809 ex
440 745 509 829 ejus
539 767 590 811 me
621 769 677 813 ore
707 771 770 814 non
795 751 895 816 semel
917 753 1043 820 audire:
1080 757 1222 836 „Doctus
1246 765 1279 825 at

115 868 230 913 reuera
253 848 281 913 is
305 849 360 933 qui
384 871 418 914 se
441 850 610 916 Fumulum
634 853 806 936 appellat.“
855 857 932 921 Haeo
954 863 1065 924 autem
1087 861 1131 939 si,
1160 869 1197 926 ut
1218 862 1279 928 tibi

115 953 240 1033 aduler,
263 975 314 1018 me
337 955 371 1018 in
393 955 535 1020 medium
558 955 674 1022 afferre
699 959 813 1036 credis,
837 958 930 1044 longe
954 983 1053 1030 erras.
1099 965 1173 1031 Non
1194 966 1280 1032 enim

114 1078 154 1123 ex
177 1079 292 1124 eorum
315 1079 448 1125 numero
473 1083 543 1126 sum
568 1064 623 1146 qni
645 1063 734 1128 aliud
757 1065 954 1146 blacterant,
977 1067 1070 1133 aliud
1091 1069 1125 1134 in
1147 1076 1279 1154 pectore

114 1164 261 1229 clausum
284 1170 422 1248 gestant,
446 1168 546 1232 sentit
569 1167 694 1233 animus
710 1190 781 1234 cum
798 1170 931 1250 calamo,
954 1171 1152 1255 linguarum
1172 1175 1279 1241 corde.

113 1269 268 1335 Moveare
298 1269 424 1354 itaque,
455 1273 722 1354 praestantissime
755 1275 817 1353 vir,
846 1275 889 1338 ad
923 1275 1001 1341 mihi
1031 1278 1280 1346 commodandoo

112 1373 258 1454 libellos,
287 1396 350 1439 non
381 1375 477 1440 modo
509 1377 550 1442 ob
574 1377 672 1442 Fabri
695 1379 728 1442 iu
752 1386 784 1444 te
809 1379 1076 1462 benevolentiam,
1100 1382 1157 1448 sed
1181 1388 1215 1449 et
1237 1383 1279 1450 ob

111 1479 287 1546 maximam
304 1479 484 1545 Germaniae
508 1482 637 1549 laudem
661 1505 744 1567 quae
768 1484 844 1547 inde
860 1483 1028 1550 Germanis
1052 1486 1201 1553 omnibus
1223 1487 1280 1553 ad-

113 1589 249 1650 crescet.
293 1585 413 1649 Excusi
437 1592 513 1650 sunt
531 1584 600 1670 jam
623 1588 749 1671 pridem
771 1609 834 1652 non
859 1587 983 1654 inficior
999 1591 1143 1674 ejusdem
1159 1591 1280 1677 dialogi

112 1689 216 1768 multi,
244 1709 325 1773 quos
348 1710 458 1755 omnes
481 1697 513 1756 et
537 1713 594 1776 ego
616 1693 702 1759 inter
724 1714 831 1758 meam
855 1693 1023 1758 librariam
1046 1695 1281 1778 supellectilem

112 1800 224 1875 tene0,
249 1794 307 1860 sed
330 1800 512 1861 erratorum
536 1797 693 1864 immunes
723 1820 786 1864 nou
811 1803 894 1863 sunt.
941 1798 1048 1876 Quare
1071 1819 1144 1863 cum
1166 1799 1206 1865 iis
1229 1820 1279 1864 rc·

113 1899 251 1984 cognitis
283 1906 382 1984 atque
415 1901 554 1967 elimatis
589 1923 754 1969 sermones
790 1923 870 1986 quos
905 1922 945 1967 ex
972 1900 1140 1986 pontificia
1169 1903 1280 1969 Roma

112 2004 314 2072 bibliotheca
347 2007 527 2090 exscriptos
549 2007 652 2072 habet
682 2014 715 2073 et
742 2008 790 2073 tui
820 2006 939 2090 dialogi
969 2006 1183 2087 accesserint,
1218 2009 1280 2073 erit

113 2109 262 2196 profecto
286 2131 367 2194 opus
397 2111 604 2196 undiquaque
636 2111 988 2203 consummatissimum.
1034 2111 1156 2177 Verum
1177 2117 1216 2178 ut
1236 2111 1280 2178 ad

114 2215 149 2282 id
164 2214 352 2281 faciundum
367 2216 558 2300 propensior
574 2216 723 2297 reddare,
739 2218 823 2283 dono
839 2217 900 2285 tibi
914 2215 988 2282 misi
1008 2216 1280 2301 elegantissimum
1385 2200 1392 2213 ’

114 2320 322 2404 politicorum
345 2341 426 2404 opus
445 2322 456 2358 ¹
479 2321 566 2405 quod
589 2321 631 2386 ab
654 2322 728 2387 hinc
751 2322 924 2388 triennium
947 2321 1053 2387 Faber
1076 2320 1278 2405 Stapulensis

119 2447 159 2492 ax
183 2446 243 2490 sua
266 2425 390 2490 officina
413 2426 527 2491 emisit.
573 2427 699 2492 Tritum
723 2426 808 2492 enim
825 2431 876 2491 est
890 2425 977 2510 apud
992 2445 1112 2509 graecos
1127 2424 1279 2510 adagium

115 2533 177 2622 χεὶρ
193 2541 277 2619 χεῖρα
300 2532 396 2595 νίπτει
407 2533 459 2594 καὶ
475 2521 622 2605 δάκτυλος
645 2521 803 2595 δάκτυλον.
849 2531 900 2595 Da
923 2535 957 2595 et
985 2530 1105 2613 accipe,
1128 2536 1277 2596 mutuum

115 2657 258 2720 namque
285 2635 364 2700 muli
387 2634 543 2715 scabunt,
567 2640 603 2699 ut
626 2641 676 2700 est
698 2635 786 2719 apud
817 2634 1134 2719 epigrammatarium
1157 2633 1278 2700 Burde-

114 2740 290 2825 galensem.
337 2741 385 2805 Tu
408 2739 515 2824 igitur,
540 2739 801 2824 eloquentissime
826 2740 891 2816 vir,
913 2759 1037 2804 morem
1059 2736 1139 2802 mihi
1160 2738 1195 2802 in
1217 2737 1279 2803 hac

115 2867 273 2930 rogaras,
297 2845 383 2930 qnod
400 2845 427 2910 si
444 2845 557 2928 egeris,
581 2846 652 2924 crit,
668 2867 726 2910 cur
750 2844 810 2909 tibi
831 2848 988 2928 perpetuo
1017 2842 1184 2907 devinctus
1217 2841 1283 2907 exi-

116 2957 213 3017 stam.
236 3019 239 3023 ,
259 2951 293 3017 Si
318 2956 491 3035 praeterea
513 2951 750 3034 propositiones
766 2949 871 3013 Ousae
894 2948 1078 3030 impressas,
1102 2945 1284 3029 Symmachi

116 3054 275 3141 epistolas
298 3061 357 3120 aut
376 3056 530 3139 Egesippi
553 3054 699 3120 historici
722 3052 889 3119 christiani
911 3051 1012 3116 libros
1035 3049 1173 3133 scriptos
1196 3049 1283 3133 apud

115 3169 153 3227 te
185 3160 286 3226 habes
313 3160 440 3244 patiare
464 3160 616 3238 obsecre,
648 3166 685 3224 ut
712 3180 763 3223 me
791 3157 912 3223 adeant
940 3160 974 3220 et
1001 3155 1043 3220 ad
1067 3154 1192 3239 aliquot
1214 3152 1283 3218 dies

114 3287 246 3333 mecum
267 3266 481 3349 hospitentur,
505 3266 658 3330 redibunt
682 3270 792 3329 sancte
815 3263 978 3347 polliceor.
1026 3261 1181 3327 Actutum
1203 3258 1285 3324 Her·

115 3372 311 3457 monymus2
327 3370 601 3435 Lacedaemonius
615 3392 678 3434 non
696 3375 763 3434 tam
779 3369 926 3433 doctrina
942 3387 1039 3450 quam
1055 3363 1163 3448 patria
1178 3362 1286 3429 clarus

116 3477 198 3544 olim
220 3477 280 3540 tibi
307 3475 395 3558 apud
425 3476 566 3540 Parisios
598 3478 792 3558 praeceptor
818 3479 852 3537 et
881 3472 959 3536 mihi
990 3490 1126 3553 graecae
1157 3468 1286 3551 linguae

116 3582 280 3666 tyrocinia
314 3580 464 3664 exposuit
502 3580 550 3643 tui
590 3578 727 3644 subinde
760 3597 891 3641 memor.
949 3574 1049 3654 Vale,
1085 3572 1287 3669 Germaniae,

115 3689 219 3753 immo
242 3686 344 3751 totius
369 3685 457 3750 orbis
482 3684 580 3749 decus
604 3690 637 3749 et
659 3684 849 3749 Rhenanam
874 3687 965 3769 tuum
987 3681 1072 3744 inter
1095 3697 1150 3744 eos
1165 3675 1287 3742 referto

117 3791 179 3878 qui
201 3791 261 3857 tibi
284 3796 360 3857 sunt
383 3789 479 3874 opido
495 3809 593 3873 quam
609 3788 815 3854 deditissimi.
853 3788 903 3851 Ex
918 3785 1055 3851 Helveto
1072 3779 1158 3866 quod
1174 3777 1287 3860 vulgus

696 3922 714 3960 *

196 3998 207 4040 1
229 3992 403 4042 Politioorum
422 3991 484 4040 libri
504 3995 571 4040 octo.
593 3989 790 4040 commentarii.
811 3986 1046 4037 Oeconomicorurn
1064 3980 1122 4030 duo.
1150 3978 1287 4028 Commen-

117 4079 192 4131 tarii.
217 4079 451 4130 Hoctonomiarum
481 4088 587 4144 septem.
622 4077 843 4128 Oeconomiarum
869 4072 942 4139 publ.
972 4084 1047 4119 uuus.
1087 4065 1290 4132 Explanntionis

118 4165 253 4217 Leonardi
272 4166 300 4216 in
325 4166 487 4216 oeconomioa
511 4164 570 4215 duo.
608 4164 685 4231 Apud
705 4164 821 4214 Parisios
848 4159 972 4226 primaria
996 4156 1160 4221 superiorum
1182 4168 1289 4219 operum

118 4254 205 4307 editio
229 4255 301 4320 typis
325 4254 447 4304 absoluta
472 4253 570 4320 prodiit
588 4269 621 4302 ex
645 4253 688 4304 off.
713 4251 749 4302 H.
769 4250 857 4314 Stepb.
877 4263 899 4297 a.
922 4247 989 4295 1506
1013 4244 1057 4293 sol.
1079 4241 1241 4308 (Oomcctore
1260 4240 1290 4290 B.

118 4342 260 4408 Rhenano)
280 4343 348 4393 nach
362 4342 438 4392 Grnf:
457 4339 579 4390 Jakobus
594 4341 678 4391 Faber
696 4335 861 4411 stapulensis
879 4336 907 4389 iu
927 4321 1047 4386 zeitschr.
1067 4331 1109 4382 dir
1126 4329 1187 4381 hist.
1208 4326 1289 4376 theol.

104 4433 192 4491 ‚1852
212 4447 234 4483 s.
253 4431 314 4490 229.
389 4434 403 4481 2
425 4430 451 4480 S.
470 4445 493 4479 o.
514 4444 569 4479 nro.
589 4429 622 4486 ΙΙ.
