2798 4980
684 275 723 343 tt

110 467 371 533 Praedicatorum
399 465 626 532 Basiliensium
655 465 816 550 quendam
841 467 1056 534 minutissimo
1090 471 1164 536 stilo
1193 493 1286 555 repo·

110 575 212 640 situm
228 573 373 640 libellum
388 575 398 611 ¹
414 573 462 637 ita
485 578 521 637 ut
536 571 675 639 fertilior
690 572 733 637 sit
748 577 781 637 et
796 573 934 637 maxime
953 574 1124 656 portabilis
1139 598 1203 660 quo
1220 577 1285 643 ele·

111 686 230 763 gauter
259 700 341 762 quas
373 678 521 762 Apostoli
550 699 671 761 graecas
695 676 959 761 conscripserunt
989 680 1143 763 epistolas
1167 682 1286 748 insunt.

112 792 147 851 et
171 785 338 870 quietam
360 806 481 881 parvus
503 789 571 849 tam
593 782 696 849 multa
720 775 863 849 continet
885 783 929 848 ad
952 804 1026 849 eum
1050 791 1100 850 est
1123 787 1201 851 mihi
1217 787 1286 852 ani-

111 913 186 955 mus
217 898 339 974 praeter
369 890 512 974 reliquos
538 890 683 973 apprime
712 888 893 954 vehemens.
939 888 1023 954 Nam
1046 891 1107 955 etsi
1130 893 1287 957 caetera²

113 997 261 1079 ejusdem
278 996 424 1061 materiae
440 997 514 1061 istic
539 996 647 1060 adsint
671 995 833 1061 volumina
856 1014 928 1078 quae
950 995 1162 1079 idemipsum
1177 997 1287 1062 melio·

114 1101 210 1166 ribus
233 1101 353 1166 litteris
379 1109 413 1165 et
428 1101 530 1166 isdem
547 1102 659 1184 graecis
683 1100 942 1184 complectantur
957 1122 1029 1184 quae
1045 1102 1192 1190 pposecto
1212 1109 1289 1168 sunt

113 1229 180 1270 non
205 1206 276 1271 dico
301 1206 401 1290 dupla
417 1205 475 1271 sed
498 1207 647 1290 plurima,
673 1213 783 1271 tamen
806 1206 893 1290 quod
915 1207 977 1271 iste
1000 1228 1091 1272 meus
1115 1209 1162 1273 ita
1185 1209 1286 1292 graci-

113 1311 155 1377 lis
180 1314 284 1377 etita
308 1312 466 1377 manualis
488 1319 595 1396 paret,
620 1318 657 1377 ut
680 1333 714 1376 se
738 1332 801 1376 neu
822 1311 941 1395 injuria
958 1313 1166 1379 Euchiridion
1187 1315 1287 1379 nemi-

113 1439 226 1497 nares,
257 1418 374 1483 iccirco
398 1418 459 1482 nisi
484 1439 556 1482 eum
579 1417 724 1481 habuero
750 1416 850 1480 vitam
879 1416 992 1482 effiabo
1018 1439 1119 1501 quam
1148 1425 1184 1484 tu
1207 1420 1287 1484 milti

61 1517 63 1521 ’
114 1523 216 1587 etiam
240 1531 368 1588 mortuo
392 1523 488 1588 facile
512 1522 649 1587 reddere
672 1523 778 1606 possis
802 1521 877 1595 dum
900 1521 982 1586 illud
1005 1523 1091 1606 qued
1107 1534 1198 1588 tuum
1223 1545 1287 1588 uon

114 1635 166 1693 est
182 1635 310 1693 tanturn
327 1629 519 1707 consentias,
542 1634 579 1692 ut
595 1627 679 1692 bona
695 1627 772 1691 mihi
789 1626 971 1692 conditione
991 1634 1174 1710 praestetur.
1199 1628 1287 1694 Nihil
1312 1696 1322 1709 ,

116 1732 245 1798 difficile
270 1734 329 1797 abs
354 1739 385 1797 te
410 1740 486 1816 peto
510 1754 569 1797 uec
592 1732 679 1817 quod
703 1732 819 1797 damno
849 1732 945 1797 cedat
974 1753 1034 1797 nec
1063 1734 1150 1816 quod
1173 1740 1287 1799 contra

109 1840 165 1924 jus
189 1838 304 1922 fasque
321 1839 371 1903 sit.
412 1839 448 1902 Id
466 1839 550 1903 enim
566 1859 665 1902 unum
681 1843 757 1920 peto
775 1859 833 1920 pro
851 1837 912 1902 hoc
928 1837 996 1902 solo
1016 1845 1162 1922 tempore
1179 1837 1287 1903 finem-

114 1966 178 2029 que
195 1943 332 2027 pesthac
354 1943 487 2028 petendi
510 1949 704 2026 praesentem
727 1942 812 2007 huuc
836 1948 944 2008 statuo
967 1965 1008 2009 ne
1033 1943 1094 2009 tibi
1116 1943 1203 2028 pluri
1221 1966 1285 2009 mo·

113 2050 219 2115 lestiae
236 2049 364 2113 futurus
383 2049 442 2113 sim
467 2053 500 2114 et
522 2048 611 2113 haud
635 2047 748 2113 dubito
772 2048 850 2131 quin
873 2070 924 2113 me
947 2048 1111 2130 exaudies,
1136 2048 1286 2115 videlicet

112 2162 153 2222 ut
175 2154 449 2220 Praedicatoribus
465 2154 653 2220 assentiaris
677 2152 807 2218 easdem
836 2154 989 2238 epistolas
1020 2155 1192 2221 canonicas
1217 2177 1286 2221 rem

694 2287 712 2327 ²l=

191 2372 199 2416 l
226 2368 278 2416 Der
302 2365 396 2428 codex,
422 2382 464 2416 um
488 2365 536 2415 den
562 2381 590 2414 es
613 2365 670 2414 siclt
694 2365 721 2414 in
746 2364 804 2414 dem
830 2365 912 2414 briele
933 2365 1052 2428 lrandelt‚
1078 2366 1113 2415 ist
1132 2365 1174 2416 die
1193 2366 1220 2415 in
1241 2367 1294 2438 ‹ler

114 2455 288 2505 texteskritik
307 2453 352 2503 des
372 2469 395 2503 n.
416 2461 433 2502 t.
453 2461 527 2502 unter
547 2453 604 2502 dem
623 2469 716 2502 namen
738 2452 821 2503 codex
840 2453 1098 2522 Basiliensisrodcr
1114 2455 1171 2504 eod.
1186 2455 1287 2504 Reueh-

115 2540 161 2594 lin.
189 2544 321 2594 belmonte
344 2541 510 2591 handseluilt
532 2541 579 2591 der
603 2541 693 2592 Basler
715 2541 871 2591 bibliothek.
909 2544 951 2592 ste
976 2550 1083 2592 stummt
1109 2559 1156 2592 aus
1185 2543 1243 2592 dem
1263 2545 1286 2592 X

111 2632 201 2696 jahrlr.
224 2631 277 2680 und
302 2631 403 2680 enthatt
425 2631 473 2680 aus
493 2634 543 2680 303
565 2630 832 2696 pergarnentblttttcrn
851 2631 877 2680 in
897 2639 975 2681 octav
994 2631 1041 2681 das
1059 2648 1127 2680 neue
1147 2639 1288 2682 testament

117 2721 164 2769 tnit
185 2720 330 2769 atrsnalrme
354 2719 400 2768 der
423 2718 589 2784 apocalypso.
628 2720 726 2768 llinten
750 2718 802 2767 und
821 2734 886 2767 veru
909 2719 969 2769 sind
988 2719 1056 2770 noch
1076 2721 1162 2786 einigc
1182 2722 1287 2770 weltere

117 2808 227 2870 bltttter,
257 2809 304 2856 ruit
328 2809 440 2856 stiichcn
467 2806 672 2856 verselriedcncu
699 2807 813 2856 inhaltcs
839 2806 1024 2871 beschrieheu,
1051 2806 1195 2873 beigesiigt.
1235 2808 1290 2856 Aul

118 2896 167 2944 den
195 2911 260 2944 vern
284 2895 453 2959 cingeliigtcn
477 2893 620 2944 besoutlcrs
645 2895 760 2944 folin-ten
786 2900 801 2943 4
821 2895 933 2945 blattern
958 2894 1018 2944 sind
1041 2903 1116 2944 untcr
1139 2895 1184 2944 der
1210 2896 1287 2945 llber-

117 2985 211 3033 schrift
236 2987 293 3034 Hoc
317 2982 392 3032 tnodo
416 2998 485 3032 nunc
511 2981 634 3031 adoratur
652 2983 725 3031 Deus
744 2983 780 3032 hl.
804 2983 832 3032 ll>
848 2982 889 3032 bis
910 2984 940 3031 lb
960 2999 1009 3032 ven
1030 2982 1076 3032 der
1095 2981 1163 3031 hand
1184 2981 1285 3032 Reueh-

117 3072 169 3121 lins
189 3072 282 3121 stellun
303 3087 350 3120 aus
371 3072 554 3135 Hieronymus,
572 3070 701 3133 Lactanz,
720 3071 781 3120 Joh.
807 3070 1021 3135 chrysostomus,
1043 3071 1188 3135 Dionysius
1208 3072 1288 3120 Arce·

116 3163 214 3226 porgite,
236 3162 421 3224 Hieronymus,
443 3159 561 3209 Hilarius
579 3158 632 3208 und
652 3159 794 3209 Cassianus
814 3160 985 3225 eingetragen
998 3161 1051 3222 (am
1064 3160 1195 3210 schlusse:
1216 3159 1288 3209 Finit

118 3250 235 3297 secunda
257 3264 317 3312 pars
343 3248 521 3311 odorationis).
560 3249 609 3297 Die
628 3248 811 3313 griechischen
831 3249 1021 3313 eintragungen
1041 3250 1089 3297 auf
1105 3248 1153 3296 den
1172 3248 1286 3299 blitttern

116 3337 206 3385 hintcu
228 3335 352 3386 scheincn
373 3336 501 3386 cbeufalls
521 3352 570 3384 rou
592 3338 620 3386 tt.
642 3352 674 3385 zu
694 3343 822 3386 stamineo
850 3334 896 3398 (bl.
920 3339 986 3387 304⁸
1007 3335 1118 3386 Sanctus
1143 3337 1287 3401 Dionysius

116 3423 149 3473 dc
176 3424 365 3473 Ecclesiastico
391 3423 539 3473 hierarchia
562 3436 590 3472 co
618 3429 662 3473 ttt
687 3425 727 3474 sic
750 3433 807 3474 orat
832 3440 856 3474 u.
878 3440 898 3474 s.
918 3440 948 3473 rt.
973 3426 1040 3474 seth
1063 3425 1174 3474 Cosmus
1193 3425 1285 3474 Hiero·

102 3512 241 3576 'solymita
261 3513 286 3560 in
307 3513 404 3577 ltyrnno
424 3519 573 3577 pentecoste
593 3527 618 3560 u.
639 3527 659 3560 s.
680 3528 710 3560 w.
731 3514 797 3562 306²
815 3509 916 3580 Ορφέως
936 3507 967 3570 εἰς
981 3503 1027 3560 ata
1045 3510 1155 3580 dupi'apc
1170 3529 1193 3561 u.
1209 3530 1229 3561 s.
1244 3528 1287 3572 w.‚
1329 3546 1332 3551 -

117 3600 216 3649 nttletat
240 3600 307 3649 noch
336 3601 383 3648 nul
405 3601 489 3649 einern
517 3599 689 3665 popierblatte
717 3601 856 3665 aufldsung
883 3601 955 3650 einer
988 3601 1081 3650 anzahl
1112 3599 1287 3666 abgcltiirzter
1375 3604 1378 3609 '

116 3688 292 3754 marginalieu
312 3687 357 3738 des
377 3687 481 3753 codex).
513 3692 554 3737 An
574 3688 707 3737 mehreren
728 3688 821 3738 stelleu
840 3688 1211 3740 sindltiibschemiuiaturen.
1244 3688 1287 3736 Sie

116 3781 186 3841 trtgt
209 3777 393 3841 gegerrwltrtig
417 3777 458 3825 die
482 3776 603 3841 signatur
628 3775 659 3825 h.
684 3776 714 3825 N.
733 3777 778 3826 tr.
798 3781 823 3826 2.
864 3777 918 3826 Aut
934 3776 979 3826 der
997 3777 1143 3825 innenseite
1163 3775 1208 3824 des
1228 3791 1286 3824 vor·

117 3864 195 3914 deren
221 3864 328 3913 deckcls
355 3865 435 3914 stelit:
462 3865 512 3914 llic
538 3865 604 3914 liber
630 3865 676 3913 Est
699 3865 808 3914 fratrum
830 3864 1022 3931 predicatorum
1042 3865 1193 3914 Conventus
1214 3863 1287 3912 Busi-

116 3953 218 4013 lieusis,
238 3952 341 4001 seheiut
362 3969 411 4001 von
433 3953 477 4002 der
496 3952 565 4001 hund
586 3952 736 4015 Reuclrlins,
757 3952 803 4002 das
817 3951 1121 4019 darlibcrgesehriebeno
1135 3951 1186 3999 Hie
1205 3949 1287 4000 lieber

116 4040 235 4106 dagegen
257 4041 291 4089 ist
309 4057 360 4090 ven
381 4040 518 4090 derselbeu
537 4041 615 4103 hand,
637 4041 685 4089 wie
704 4041 745 4099 dle
765 4040 972 4090 uuteustelrandc
986 4040 1156 4104 bemerltung.
1189 4041 1288 4090 Weiter

116 4138 209 4180 unten:
236 4129 373 4195 plusquam
399 4129 509 4194 triginta
535 4144 618 4178 attnos
644 4129 711 4194 apud
737 4129 910 4178 Reuehlinum
936 4128 998 4191 tuit,
1029 4127 1134 4178 tandem
1154 4134 1212 4192 post
1230 4128 1286 4177 eius

115 4228 224 4268 mertem
244 4218 363 4268 redditus
382 4219 532 4267 conventui.
565 4219 621 4267 huf
637 4218 682 4268 der
702 4219 846 4267 inuenseite
866 4216 911 4266 des
931 4215 1049 4265 hinteren
1068 4216 1174 4266 deeltels
1195 4217 1221 4264 in
1242 4216 1288 4266 der

115 4307 196 4358 obern
216 4307 282 4357 ecke
303 4307 390 4357 reclrts
409 4305 489 4356 steht:
510 4305 585 4354 Card.
606 4307 741 4372 Rugusini.
798 4304 936 4372 2·eeetern]
956 4305 1071 4369 gemeint
1090 4306 1124 4354 ist
1137 4320 1162 4354 u.
1180 4320 1201 4353 a.
1217 4304 1286 4354 wohl
1325 4342 1327 4346 Α

116 4397 182 4447 auch
197 4396 244 4446 der
264 4411 322 4460 sog.
342 4393 406 4444 cod.
427 4395 485 4444 Bas.
503 4396 541 4457 a,
561 4395 602 4451 ein
622 4393 863 4460 evangetioncotex
883 4409 929 4442 aus
949 4393 1007 4443 dem
1027 4393 1145 4456 8jahrlr.

142 4512 278 4554 Reuchlin
1059 4485 1075 4542 2
