2798 4980
665 307 729 374 257

102 496 278 565 hebraicas
301 503 336 565 et
358 519 433 565 vere
456 519 594 564 arcanas
616 497 731 564 literas
766 498 948 565 admiratur
970 505 1130 584 quantum
1154 521 1182 589 a,
1195 522 1278 587 pra·

105 602 299 689 captoribus
323 603 455 669 insulsis
488 604 529 669 ad
553 625 656 687 nugas
688 603 864 669 trahuntur
886 603 937 669 vel
960 604 1113 671 emendas
1142 606 1193 672 vel
1216 608 1280 673 dis-

105 707 245 789 cendas,
273 715 401 775 tantum
431 715 571 793 utroque
602 710 685 794 pede
708 709 859 775 resiliunt
881 709 924 774 ad
955 711 1122 795 sequenda
1144 713 1279 797 vestigia

106 814 359 899 spectabilitatis
383 821 457 881 tuae.

198 918 241 987 So
264 919 312 999 sei
336 917 476 985 Richard
500 919 626 986 Orokus
646 921 666 1000 ¹,
695 920 745 985 ein
771 919 973 1004 Eugldnder,
1001 921 1113 1006 jiiugst
1136 921 1188 988 bei
1210 922 1277 987 ihm

107 1043 263 1108 genesen,
295 1024 354 1090 der
391 1024 459 1091 sich
491 1014 618 1091 darach
654 1027 767 1106 sehne,
801 1025 973 1091 hebriiisch
1004 1045 1044 1092 zu
1079 1026 1206 1107 lernen,
1242 1049 1278 1094 so

107 1129 240 1196 andere.
294 1130 339 1195 Er
373 1129 472 1197 bittet
509 1152 564 1195 um
598 1131 758 1196 rationem
795 1131 1029 1211 constituenda
1064 1129 1277 1199 bibliotheca.

108 1236 182 1302 Dat
207 1235 255 1301 Id.
279 1235 367 1320 Sept.

198 1343 361 1408 Gedrucnt:
379 1365 421 1402 =
436 1345 465 1406 J.
482 1363 509 1406 v.
526 1363 551 1406 e.
568 1364 594 1421 n,
610 1357 650 1407 sa.

612 1511 780 1580 ccxxiv.

993 1605 1024 1651 m
1044 1603 1115 1668 Sept.
1137 1603 1241 1671 (1516.)

377 1631 556 1746 Ricardus
585 1669 722 1746 Crocus
750 1699 799 1746 an
826 1673 1009 1748 Reuohlin

111 1794 254 1879 bellagt,
267 1795 344 1862 dass
355 1794 512 1861 Reuohlin
525 1794 592 1859 ihm
609 1794 699 1860 nicht
714 1795 923 1877 geschrieben
940 1795 1032 1876 habe,
1046 1794 1090 1861 ist
1112 1817 1151 1861 zu
1169 1794 1279 1878 jedem

111 1900 239 1968 dienste
273 1900 391 1980 bereit,
427 1898 553 1966 schickt
583 1900 650 1964 ihm
681 1900 733 1964 ein
768 1900 860 1966 eben·
883 1922 943 1966 ron
966 1901 1032 1965 ihm
1056 1900 1280 1966 erschienenes

111 2005 197 2072 buch
233 2005 299 2070 und
331 2006 429 2071 bittet
460 2005 534 2084 ibn,
569 2006 638 2070 sein
670 2004 940 2072 kabbalistisches
978 2005 1065 2071 werlu
1104 2006 1178 2071 dem
1206 2005 1279 2071 Joh.

111 2112 255 2190 Fischer,
279 2110 409 2176 bischof
427 2132 488 2176 von
512 2110 699 2190 Rochester‚
723 2135 762 2178 zu
785 2111 929 2177 widinen.
975 2112 1099 2196 Lipsiae.

203 2220 365 2282 Gedruckt:
382 2239 424 2276 =
441 2220 469 2280 J.
487 2237 513 2280 v.
531 2237 557 2280 e.
574 2237 593 2294 y
611 2215 658 2281 2b.

619 2389 769 2454 CCXXV.

184 2475 266 2528 Korn.
1025 2481 1055 2528 ιε
1075 2478 1144 2543 sept.
1167 2477 1243 2527 rere.

233 2565 398 2640 Joannes
425 2565 570 2640 Potken
597 2565 738 2641 Joanni
765 2566 949 2641 Reuohlin
978 2567 1014 2642 S.
1046 2568 1088 2640 D.
1119 2566 1159 2644 P.

203 2688 277 2768 Eas,
308 2710 389 2773 quas
423 2689 465 2754 ad
495 2710 546 2754 me
576 2711 593 2755 e
623 2689 813 2773 Stutgardia
838 2695 855 2754 3
880 2689 951 2754 Kal.
981 2688 1119 2753 Sextiles
1151 2683 1279 2762 dedisti,

112 2792 300 2859 doctissime
344 2795 491 2875 doctor‚-
522 2795 634 2861 literas
679 2817 781 2878 nuper
813 2795 922 2878 recepi
962 2815 1036 2859 cum
1068 2791 1280 2877 quaternione

112 2898 252 2983 operis²
278 2920 337 2984 per
366 2901 398 2964 F.
422 2900 556 2966 Petrum
578 2900 766 2966 Galatinum
791 2900 961 2984 compositi
985 2899 1026 2964 ad
1050 2919 1101 2962 me
1133 2894 1281 2961 remisso.

112 3004 187 3070 Tibi
209 3004 296 3070 haud
318 3026 435 3088 parum
458 3006 670 3089 gratulabar,
700 3005 787 3090 quod
819 3027 858 3069 ex
885 3011 979 3089 parte
1009 3002 1153 3088 epistola
1185 3021 1282 3086 quam

113 3110 157 3175 ad
179 3132 232 3175 me
256 3110 385 3176 mittere
409 3110 559 3194 dignatus
584 3133 629 3187 es,
653 3110 842 3176 intellexisti
866 3131 998 3176 causam
1021 3109 1110 3174 illam
1134 3114 1226 3173 tuam
1248 3107 1281 3170 in

113 3221 213 3300 portu
236 3236 317 3281 esse.
343 3217 432 3300 ligo
456 3238 528 3280 eum
553 3216 697 3301 epistola
729 3224 857 3302 partem
880 3216 1004 3299 absque
1028 3235 1120 3279 mora
1143 3211 1282 3295 Georgio

114 3319 245 3386 Sobio³
270 3321 474 3405 juventutem
503 3323 727 3388 Colonienscm
755 3323 788 3387 in
812 3329 883 3388 arte
913 3321 1125 3386 humanitatis
1153 3317 1282 3403 publice

182 1599 301 1667 Leipzig.

114 3426 289 3506 erudienti,
312 3426 444 3493 laudum
468 3432 598 3493 tuarum
620 3429 835 3512 praedicatori‚
865 3435 986 3511 tuoque
1009 3426 1071 3490 hac
1094 3427 1126 3490 in
1151 3425 1284 3490 civitate

113 3532 275 3598 acerrimo
303 3532 479 3612 defensori,
512 3534 641 3598 tradidi.
692 3534 724 3600 Is
758 3536 862 3618 primo
902 3532 1015 3599 exinde
1049 3533 1099 3596 die
1134 3531 1219 3596 festo
1251 3530 1285 3593 iu

114 3638 256 3723 templo,
289 3637 376 3723 quod
407 3661 567 3705 summum
598 3639 804 3727 Colonienses
833 3645 965 3717 vocant,
997 3637 1085 3701 facta
1115 3636 1285 3700 doctorum

113 3745 257 3809 virorum
274 3764 393 3808 corona
409 3743 557 3811 omnibus
581 3745 695 3810 audire
711 3744 925 3830 cupientibus,
949 3764 966 3808 e
991 3762 1128 3826 quorum
1151 3758 1285 3802 numero

113 3849 262 3916 nonnulli
287 3849 335 3914 tui
351 3848 458 3913 aemuli
497 3856 599 3930 erant,
634 3850 720 3934 legit,
744 3850 882 3933 perlegit
907 3854 941 3913 et
965 3846 1089 3929 relegit,
1113 3843 1285 3926 subitoque

113 3961 188 4021 orto
212 3976 343 4020 rumore
365 3978 426 4038 per
451 3955 635 4037 civitatem,
659 3962 697 4021 ut
718 3955 771 4034 fit,
802 3954 890 4040 quod
912 3953 1015 4018 victor
1040 3949 1166 4028 evades,
1190 3945 1284 4012 multi

113 4083 156 4128 ex
178 4059 230 4127 bis
253 4061 310 4146 qui
332 4068 365 4127 te
381 4067 493 4128 amant
516 4067 550 4128 et
572 4061 718 4127 nonnulli
741 4061 842 4127 exeis
858 4058 915 4144 qui
939 4065 972 4125 te
989 4056 1063 4124 odio
1083 4074 1285 4140 prosequun-

684 4170 703 4205 it

193 4243 204 4289 1
224 4238 287 4307 vgl.
301 4239 422 4308 B'dclring
430 4240 516 4308 suppl.
531 4239 564 4304 II,
575 4257 596 4291 s.
610 4241 660 4289 352
672 4239 717 4305 fg„
730 4236 779 4288 den
793 4235 933 4304 folgenden
948 4234 1076 4285 briefund
1088 4233 1289 4300 dionuchtrttge.

114 4333 129 4379 2
151 4327 257 4397 Operis]
272 4326 304 4380 de
322 4330 425 4380 arcanis
442 4329 580 4381 catholicae
594 4324 721 4391 ueritatis,
740 4343 759 4379 s,
781 4344 804 4378 o.
819 4325 920 4377 CCXV.
941 4344 963 4376 a.
1020 4327 1034 4374 3
1056 4324 1114 4391 Vgl.
1128 4324 1289 4386 Kratil‚1nit-

112 4417 269 4485 theiluugcn
291 4418 355 4469 iiber
374 4418 500 4469 Heinrich
521 4417 664 4483 Bulliuger‚
682 4415 816 4467 Elhorleld
839 4417 914 4466 1868.

147 4517 295 4563 Reuohlin
1055 4489 1088 4549 ll
