2580 4178
116 109 191 172 una,
223 95 257 156 et
287 89 476 176 rebgiosnm
504 88 641 159 batrern
663 88 825 161 iacobum
852 92 894 161 de
916 90 1163 177 Hoobstraten,
1207 127 1218 142 ι
1237 128 1244 151 ι

117 197 288 283 theologiae
319 202 353 263 et
386 196 512 265 ordinis
544 198 799 284 predicatorum
829 189 1054 285 professorem
1076 200 1287 269 etin-certis

117 303 291 390 provinciis
307 303 508 371 Germanica
522 303 666 373 ιιιιιοιιιι
680 302 844 372 heretica
858 292 1034 391 pravitatis
1048 304 1286 393 inquisitorem,

116 409 268 494 partibus
298 430 339 478 ex
368 409 490 492 altera,
521 410 576 478 de·
593 416 630 477 et
657 430 758 497 snper
788 408 933 497 quodam
957 402 1094 495 ,libella
1117 443 1156 468 ι

118 515 249 583 oculare
271 522 469 602 nuncupato,
491 536 532 583 ac
553 536 615 603 per
635 516 809 602 prelatum
832 516 1001 587 dominnm
1016 516 1232 589 lehunen—
1249 548 1273 574 ι»

117 627 223 689 torem
239 622 338 703 edito,
361 623 455 689 nobis
471 622 652 708 apostolica
665 622 865 691 aucmritate
882 624 895 665 ¹
909 622 1105 709 specialiter
1109 640 1288 703 comum

117 734 152 794 et
173 750 284 796 coram
306 729 400 796 nobis
422 728 569 797 indecisa
588 727 763 816 pendente,
793 726 877 799 bene
898 728 1007 799 luisse
1023 734 1067 813 οι
1082 750 1160 845 esse
1136 728 1288 879 'appel-

118 835 168 903 let
153 839 223 903 tum
246 841 280 902 et
301 834 437 903 nulliter
458 854 657 921 processum.
855 884 860 893 ,

117 994 121 1000 .
206 941 275 1009 Nec
296 962 361 1008 non
383 939 559 1009 libellum¹
587 938 729 1011 aculens
750 940 882 1028 speculi
903 866 1141 1025 ιιιιιοιιιοιιιιιι
1131 960 1209 1009 cum
1229 956 1285 1009 au

119 1046 283 1120 ιιιιιιιιιιιι8
314 1045 576 1115 declaratione
565 1068 600 1113 ιιι
626 1047 711 1115 actis
739 1066 848 1115 musae
881 1040 1074 1135 hsijusmodi
1097 1044 1283 1129 deductum,

120 1174 194 1221 cum
224 1175 265 1221 ex
292 1152 513 1221 declaratione
545 1158 580 1220 et
598 1152 782 1223 declarato
808 1153 855 1223 sit
874 1174 959 1223 naus
981 1158 1017 1223 οι
1035 1152 1132 1225 idem
1150 1152 1240 1231 liber·
1253 1156 1285 1221 οι

119 1260 293 1346 suiipsius
322 1259 573 1341 declarativas,
585 1280 607 1327 a
633 1259 771 1345 prefate
800 1258 947 1347 ᾰοιιιιιιο
954 1258 1107 1331 iohanne
1121 1258 1283 1341 Reucllia

119 1366 252 1434 doctore
275 1367 494 1453 compilatum,
515 1365 751 1452 utpraelertur,
772 1372 874 1453 atquc
888 1342 1024 1447 editum,
1047 1364 1089 1433 de
1104 1363 1283 1453 suspicione

118 1480 218 1558 atque
248 1473 425 1540 insimulat'
401 1479 489 1540 trono
519 1471 682 1541 hareticae
713 1472 887 1561 pravitatis
924 1472 1081 1561 aliisquo
1099 1469 1282 1539 criminibus

119 1579 181 1646 sibi
204 1601 264 1665 per
286 1578 422 1646 fratrem
444 1578 604 1647 iacobum
631 1580 835 1648 antedictum
862 1577 961 1646 hac
951 1600 986 1645 ιιι
1013 1597 1118 1645 causa
1139 1576 1282 1645 adverse

118 1686 202 1752 rium
226 1708 266 1752 ex
288 1686 424 1753 adverso
447 1685 660 1774 principalem
683 1687 854 1773 eidemque
884 1684 1106 1766 adherentes,
1135 1680 1281 1763 indebite,

118 1792 293 1859 temerarie
323 1798 359 1858 et
382 1792 521 1877 injuste,
554 1793 659 1861 tacita
693 1782 832 1861 veritate
863 1790 965 1859 fuisse
988 1795 1022 1858 et
1044 1810 1127 1858 esser
1141 1794 1281 1857 notatum

119 1905 218 1984 atque
248 1895 468 1979 diffamatum,
498 1898 628 1984 sibique
656 1897 752 1966 fratri
780 1898 905 1967 Jacobs
935 1903 971 1965 et
992 1895 1101 1963 eidem
1124 1894 1282 1963 ιιιιιιιιιιιιιι

117 2005 206 2072 tibus
230 2012 287 2072 aut
310 2026 370 2071 sua
392 2004 584 2089 quoslibet⁴
605 2005 765 2073 interesse
780 2004 902 2072 habere
917 2003 1121 2091 putantibus,
1144 2000 1281 2069 unone

118 2111 239 2178 tionem
257 2109 270 2150 ⁵
294 2118 328 2178 et
350 2111 585 2178 incusationem
607 2111 717 2179 facere
741 2118 775 2178 et
796 2110 968 2205 publicare
990 2108 1124 2175 minime
1151 2105 1281 2185 licuisse,

118 2240 222 2304 neque
246 2217 358 2299 licere,
387 2223 420 2283 et
450 2217 573 2285 eisdem
603 2217 752 2285 omnibus
775 2205 977 2285 adversariis
1000 2219 1036 2282 et
1058 2212 1197 2301 singulis
1217 2211 1280 2281 aliis

117 2345 216 2410 snper
249 2323 426 2409 praemissis
458 2331 654 2411 perpetuum
689 2323 854 2393 silentium
887 2318 1123 2410 imponendum·
1143 2319 1217 2389 fore
1253 2321 1281 2384 et

118 2431 323 2519 imponimus.
1010 2454 1016 2463 ·

207 2538 340 2604 Necnon
371 2536 444 2622 pari
476 2541 590 2604 nostra
623 2535 792 2604 diffinitiva
823 2535 986 2604 sententia
1020 2532 1282 2601 decernimnset

118 2644 322 2711 declaramus
349 2665 447 2732 super
478 2643 680 2710 nominatum
702 2641 849 2709 libellum
872 2663 945 2709 cum
968 2641 1038 2728 ejus
1066 2638 1282 2706 declaratione

119 2771 254 2832 annexa,
277 2756 315 2816 ιιι
337 2749 520 2834 praefertur,
543 2749 665 2815 nullam
688 2747 837 2816 haeresim
852 2753 910 2814 aut
925 2767 1077 2814 errorem
1094 2744 1137 2813 ab
1153 2742 1283 2812 ecclesia

119 2857 248 2941 publice
277 2857 466 2922 damnatum
496 2856 668 2923 manifeste
701 2875 817 2942 sapere
854 2859 913 2921 aut
945 2852 1131 2933 continere,
1159 2847 1283 2938 perfidis

119 2961 242 3028 Judeeis
264 2983 329 3029 non
351 2961 425 3048 plus
448 2982 546 3048 quam
569 2961 694 3043 deceat,
716 2967 775 3027 aut
793 2960 871 3047 jura
892 2958 1102 3044 permittant,
1126 2953 1285 3023 favorabi-

120 3065 184 3133 lem
216 3067 300 3149 fcre,
332 3074 389 3135 aut
418 3069 562 3135 ecclesiae
595 3067 662 3148 dei,
695 3087 752 3133 seu
786 3066 889 3134 sacris
922 3063 1068 3152 ejusdem
1099 3061 1283 3130 doctoribus

120 3194 225 3259 neque
248 3175 438 3261 injuriosum
470 3196 575 3261 neque
603 3173 883 3242 irreverentialem
906 3190 994 3250 esse,
1017 3174 1053 3236 et
1073 3167 1119 3235 ab
1142 3167 1286 3234 omnibus

120 3280 226 3365 ipsum
249 3281 381 3348 oculare
405 3281 572 3366 speculum
595 3302 669 3346 oum
693 3281 765 3366 ejus
789 3299 916 3347 annexa
938 3274 1172 3356 declaratione,
1196 3293 1286 3360 quam

118 3387 152 3452 in
176 3388 310 3472 singulis
333 3389 538 3472 conjunctam
561 3408 634 3454 cum
658 3384 768 3455 libello
792 3391 826 3453 et
848 3383 1022 3471 repetitam
1046 3379 1286 3456 essevolumus,

118 3493 182 3580 legi
205 3501 239 3561 et
261 3494 421 3579 publicari
444 3515 555 3579 posse,
584 3490 806 3561 diffamatione
829 3493 863 3558 in
887 3487 1088 3558 contrarium
1111 3485 1157 3554 ab
1180 3485 1287 3554 adver·

120 3600 215 3669 seriis
239 3600 381 3669 deducta
403 3620 467 3670 non
490 3599 652 3670 obstante.

688 3756 709 3796 ὅ

195 3875 207 3923 l
229 3869 377 3923 anteritate
396 3874 439 3925 23.
511 3875 526 3922 2
546 3868 611 3922 Hier
627 3867 737 3938 beginnt
751 3871 779 3919 4:
798 3864 1018 3935 Pronunciamus,
1031 3859 1199 3916 decernimus
1211 3867 1238 3914 et
1248 3855 1287 3911 de·

121 3958 259 4026 eieramus,
277 3960 395 4013 libellum
409 4000 415 4014 .
430 3998 456 4016 ..
532 3963 546 4012 3
566 3959 675 4013 adnexa
688 3959 712 4010 5.
787 3960 803 4005 4
823 3955 947 4021 Quolibet
967 3957 982 4007 3
1001 3950 1203 4020 quomodolibet
1222 3953 1248 4003 2.
1264 3951 1286 3999 4.

122 4049 358 4103 5Diffamaticncs
377 4056 425 4101 etc.
446 4053 470 4100 4,
491 4050 516 4100 5.
