2798 4980
659 330 721 397 189

572 545 576 552 ·
619 518 763 586 CLXIII.

176 609 312 677 suttgart.
1036 608 1139 674 arag.
1162 609 1237 660 rste.

112 686 316 776 Reverendo
336 697 460 773 Abbae
488 697 529 771 in
552 694 758 772 Ottenbura
776 697 848 770 Dn.
873 695 987 770 Leon.
1013 696 1271 772 colendissimo

482 844 564 894 ⁴suo
592 819 652 894 J0.
682 817 875 893 Rcuchlin.

194 969 283 1035 Petis
315 965 503 1035 Reverendo
535 964 631 1033 Abba
661 970 694 1030 et
724 964 852 1031 domine
886 964 932 1030 mi
973 964 1275 1050 observandissime,

115 1080 144 1141 ut
164 1073 302 1150 Cantica
325 1073 418 1139 Cant
449 1091 552 1156 graece
574 1069 709 1137 Nicolao
735 1072 746 1108 ¹
769 1076 827 1137 tuo
849 1071 990 1152 mittam,
1020 1092 1098 1138 sane
1120 1071 1269 1138 fecissem

111 1178 133 1246 si
153 1180 309 1247 haberem
332 1178 389 1263 qui
411 1199 470 1244 nec
493 1176 554 1243 tibi
576 1197 681 1261 neque
703 1175 751 1241 illi
771 1175 929 1242 hactenus
950 1176 1126 1261 quidquam
1141 1178 1265 1263 negavi.

109 1284 168 1352 Sed
190 1290 303 1352 tantus
325 1283 405 1350 mihi
428 1289 478 1349 est
502 1303 580 1366 erga
601 1282 783 1367 linguarum
807 1281 966 1347 idiomata
997 1288 1030 1347 et
1052 1283 1271 1368 proprietatos

106 1390 212 1472 ardor,
235 1395 360 1456 utnon
383 1388 478 1455 valdo
502 1387 651 1456 laborare
676 1387 905 1454 consueverim
929 1386 1048 1453 librum
1071 1387 1192 1455 babere
1215 1387 1273 1454 ali·

105 1516 200 1580 quem
222 1495 256 1561 in
279 1494 345 1561 alia
366 1495 485 1579 lingua,
509 1515 606 1579 quam
629 1493 663 1559 in
686 1515 735 1575 ca,
757 1493 789 1557 in
817 1513 880 1578 qua
898 1498 949 1559 est
964 1492 1113 1560 conditus
1129 1495 1271 1561 omnium

104 1601 220 1684 primo,
243 1621 371 1684 semper
399 1600 468 1684 ipse
492 1600 609 1666 timens
633 1599 673 1665 de
696 1598 865 1664 translatis
889 1619 961 1683 quae
983 1620 1037 1664 me
1062 1620 1147 1684 saepe
1171 1620 1271 1685 quon·

104 1704 180 1771 dam
203 1726 314 1772 errare
336 1705 492 1771 fecerunt.
537 1704 644 1783 Quare
668 1703 793 1770 Novum
808 1704 1054 1772 Testamentum
1070 1725 1173 1788 graece
1188 1704 1269 1790 lego,

103 1810 207 1877 Vetus
230 1808 392 1890 hebraice,
415 1809 448 1874 in
472 1810 563 1895 cujus
587 1809 787 1894 expositione
803 1808 890 1875 malo
907 1807 1068 1875 confidere
1084 1831 1156 1875 mec
1172 1831 1270 1894 quam

103 1914 241 1982 alterius
269 1915 406 2005 ingenio.
461 1915 513 1981 Sic
547 1915 587 1981 de
626 1915 753 1982 caeteris
785 1914 882 2007 soleo.
935 1914 1127 2000 Quanquam
1155 1914 1270 1988 audire

103 2041 234 2106 quoqne
267 2021 350 2087 alios
382 2041 446 2086 non
479 2020 637 2105 dedignor
669 2027 703 2087 et
733 2019 908 2087 multorum
943 2018 1129 2086 intellectus
1168 2028 1269 2106 atque

103 2146 201 2193 sensa
228 2124 369 2192 libenter
390 2125 549 2210 percipio,
576 2127 661 2213 sicut
683 2126 773 2192 cibos
795 2130 889 2209 gusto
913 2146 976 2191 non
1000 2132 1038 2191 ut
1067 2146 1184 2210 panem
1208 2124 1267 2191 sed

103 2230 252 2297 bellatis„
296 2231 349 2297 lta
370 2231 558 2298 inconcinne
574 2231 813 2298 transtulerunt
835 2230 971 2316 quisque
985 2253 1046 2316 pro
1063 2253 1121 2298 suo
1132 2231 1266 2316 judicio.

103 2336 150 2402 De
175 2335 394 2403 contentione
412 2337 549 2402 multum
582 2343 714 2403 versata
741 2337 902 2403 interme
926 2343 961 2402 et
983 2336 1152 2422 theologos
1175 2337 1269 2403 Colo·

103 2441 233 2508 aienses
256 2441 425 2509 Nicolaum
450 2447 540 2508 tuum
563 2442 649 2509 facio
673 2443 844 2509 certiorem
872 2443 960 2528 qnod
984 2443 1147 2510 Caesarea
1170 2443 1270 2528 Majo-

101 2551 171 2613 stas
203 2552 280 2632 post
301 2553 489 2632 porrectum
516 2548 547 2613 ei
572 2547 692 2614 librum
720 2548 856 2614 latinum
885 2548 1079 2632 nuperrimae
1111 2548 1269 2615 defensio·

99 2651 151 2716 nis
174 2672 255 2718 meae
276 2652 369 2719 nobis
392 2653 550 2720 universis
573 2676 613 2719 ex
636 2653 784 2721 omnibus
799 2652 949 2738 partibus
964 2652 1131 2725 mandavit
1150 2674 1266 2737 pacem

101 2762 137 2822 et
183 2762 378 2842 perpetuum
411 2758 574 2824 silentium
606 2759 769 2844 imposuit.
823 2759 869 2824 Ut
901 2757 952 2822 his
986 2757 1127 2823 literis²
1163 2764 1266 2842 patet,

99 2881 185 2947 quas
218 2861 271 2928 hic
299 2863 343 2929 ad
373 2869 406 2929 te
438 2865 542 2930 mitto.
591 2864 673 2933 Sunt
700 2864 755 2949 qui
786 2867 903 2947 putent
937 2861 1141 2928 adversarios
1176 2883 1265 2930 meos

97 2966 192 3051 pacis
213 2966 341 3033 futuros
365 2989 436 3034 esse
460 2969 626 3036 fractores.
664 2971 732 3054 Ego
748 2988 861 3053 pacem
877 2988 1066 3052 prosequar,
1081 2968 1141 3032 nisi
1158 2966 1265 3034 denuo

97 3070 215 3155 pulsus
243 3073 434 3156 gravissima
463 3074 590 3160 injuria.
637 3075 751 3142 Valete
785 3072 933 3139 feliciter.
980 3074 1028 3153 Ea
1067 3072 1265 3157 Stutgardia,

97 3176 195 3242 nonis
218 3175 329 3243 Sextil.
357 3183 454 3246 1513.

188 3285 352 3348 Gedrnckt:
384 3288 557 3366 Schelhorn‚
574 3290 754 3350 amoenitates
771 3289 808 3362 (s.
824 3286 864 3364 o.)
880 3304 903 3348 s.
923 3285 1021 3364 5911.

613 3490 751 3557 CLXIV.

170 3574 343 3629 Ottobonren.
1011 3581 1042 3630 ta
1062 3579 1130 3646 Aug.
1154 3578 1230 3632 1513.

94 3661 227 3740 Frater
239 3665 417 3741 Nicolaus
429 3664 584 3743 Cubitus
603 3665 630 3742 J
631 3666 744 3741 oanni
757 3666 942 3743 Reuchlin
958 3665 1160 3743 Phorcensi
1178 3667 1216 3743 S.
1226 3666 1263 3744 d.

192 3813 386 3881 Doctissimo
416 3814 685 3899 integerrimeque
716 3814 778 3896 vir,
811 3835 893 3900 quas
921 3814 964 3880 ad
997 3819 1125 3899 patrem
1157 3832 1265 3879 meum

94 3916 313 3984 reverendum
333 3919 488 3986 abbatem
503 3920 623 3986 dedisti
638 3920 750 3986 literas
768 3919 780 3958 ³
802 3918 874 4004 legi,
897 3920 1007 4005 itaque
1023 3916 1266 3986 excusationem

94 4028 187 4091 tuam
219 4044 318 4109 quam
349 4025 504 4110 assignas,
546 4047 604 4092 cur
631 4026 736 4091 minus
771 4027 910 4109 petitum
940 4047 961 4091 a
991 4031 1025 4091 te
1055 4021 1174 4088 librum
1201 4022 1267 4090 buc'

94 4128 225 4197 miseris
258 4127 355 4195 facile
386 4130 519 4217 accipio.
565 4132 614 4198 Ea
637 4131 722 4198 enim
744 4129 824 4196 mibi
845 4129 886 4196 de
909 4135 1040 4198 tuaest
1062 4128 1265 4197 humanitate

673 4259 691 4299 ’lt

165 4353 178 4400 1
198 4346 323 4415 Nicolao]
341 4347 481 4416 Ellcnbog.
554 4351 569 4399 2
591 4346 641 4399 Die
652 4345 774 4398 urkunde
792 4346 828 4397 ist
845 4346 928 4399 leider
946 4347 1020 4401 nieht
1039 4345 1165 4401 crhaltcn.
1203 4306 1268 4418 ugr.-

94 4437 158 4494 tben
176 4453 235 4490 nro.
256 4434 328 4488 CLX
348 4451 374 4488 u.
392 4453 413 4490 s.
436 4438 499 4487 187·
518 4439 544 4488 1.
617 4436 677 4490 38.
697 4451 753 4489 vor.
771 4449 827 4486 nro.
