2798 4980
665 357 731 423 236

117 555 309 634 procurator
331 553 417 627 tuus,
441 546 557 612 doctus
578 546 710 631 quidem
735 557 766 612 et
788 547 821 613 iu
844 547 895 614 bis
919 545 991 634 qirae
1023 548 1066 614 ad
1091 549 1191 615 forum
1212 571 1261 634 per-

117 653 222 718 tinent
244 653 406 718 interdum
429 651 472 718 ad
495 661 638 718 nostrum
663 675 833 718 recurrens
857 653 1033 720 oraculum.
1081 654 1261 739 Componitm

115 757 262 842 dialogus
284 759 317 823 in
340 759 387 823 tui
404 757 622 823 defensionem
645 780 705 842 per
720 759 823 824 virum
843 759 1094 825 ¹doetissimum
1118 761 1259 844 utriusque

115 872 261 931 nostrum
295 862 535 943 amicissimum,
569 865 661 948 cnjus
697 885 813 930 nomen
846 873 879 930 et
913 865 994 930 alias
1024 864 1195 951 qualitates
1219 886 1258 930 suo

116 974 263 1054 tempore
287 970 380 1034 scies.
425 968 463 1034 Id
493 987 578 1034 nune
609 977 640 1034 te
670 970 753 1035 scire
776 968 923 1049 sufficiat,
947 970 1035 1055 quod
1059 979 1092 1035 et
1115 971 1221 1036 latinus
1236 978 1258 1034 et

114 1077 238 1159 graecus
255 1083 337 1153 est,
376 1073 473 1139 etiam
508 1095 572 1157 quo
604 1074 647 1157 ad
677 1081 837 1159 utrunque
879 1058 1061 1140 maternam
1092 1076 1219 1158 linguan
1235 1082 1258 1137 et

116 1180 290 1265 primatum
306 1187 394 1245 tenet
408 1179 492 1244 inter
508 1179 710 1244 Christianos
726 1179 822 1264 hujus
840 1181 958 1260 saeculi,
978 1174 1046 1266 ¹quo
1063 1181 1106 1245 ad
1123 1179 1254 1245 hebream
1273 1218 1276 1224 -

116 1291 149 1352 ot
170 1285 412 1370 babylonicam,
443 1285 504 1350 hoc
527 1292 576 1349 est
590 1284 766 1368 'vulgarem
788 1285 1004 1364 chaldaicam,
1036 1307 1136 1370 qnam
1165 1284 1257 1349 hebrai

115 1392 280 1474 Europam
303 1391 487 1470 incolentes,
512 1391 589 1466 suis,
613 1389 672 1454 hoc
697 1399 746 1455 est
769 1390 924 1469 hebraeis,
948 1389 1187 1456 characteribus
1207 1388 1253 1453 effi·

116 1497 205 1580 giant
228 1497 325 1562 etiam
352 1517 372 1561 a
402 1517 453 1561 me
476 1496 601 1561 loanne
624 1494 735 1560 literas
758 1495 832 1561 illas
855 1517 950 1561 veras
980 1495 1135 1575 chaldias,
1164 1495 1262 1580 quibus·

117 1601 292 1686 Presbyter
315 1602 480 1666 lohannes
504 1609 536 1666 et
559 1601 608 1665 sui
631 1605 662 1665 in
687 1621 799 1666 eorum
822 1601 1087 1666 sacris·utuntur
1113 1623 1172 1666 non
1192 1602 1254 1683 igna-

116 1708 199 1773 viter
222 1706 342 1772 didicit.
389 1706 476 1771 Bene
500 1706 586 1785 uale,¹
605 1707 653 1770 vir
676 1705 862 1789 dignissime
887 1713 919 1771 et
941 1727 1070 1771 omnem
1093 1728 1173 1790 pone
1193 1703 1254 1782 (ora
1294 1760 1296 1764 ,

117 1813 357 1895 mus).metum.
404 1812 453 1876 Ex
476 1811 566 1892 urbe,
592 1816 633 1876 25
657 1812 813 1878 lanuarii.
860 1812 1074 1876 1111101515.
1111 1851 1114 1857 -
1150 1862 1153 1868 .

203 1939 365 2000 Gedruckt:
387 1945 400 1997 1
420 1959 462 1992 =
474 1939 503 1998 J.
520 1957 546 1997 v.
565 1955 590 1997 e.
608 1945 620 1998 t
637 1942 673 1997 4Ε
689 1937 733 1996 bis
749 1955 775 1998 v.
798 1937 986 1996 2=Bulaeus
1003 1938 1022 1996 l.
1041 1954 1065 1997 c.
1084 1939 1132 2013 VI,
1148 1956 1174 2012 p.
1188 1933 1251 1997 111.

653 2122 747 2188 con.

187 2212 288 2262 assurt.
1020 2215 1054 2264 ae
1073 2211 1135 2286 an.¹
1152 2209 1228 2275 (1515)

372 2274 558 2399 Euryciue
573 2297 714 2372 Cordus
732 2305 746 2352 ²
764 2327 814 2373 an
832 2290 1026 2375 Reuohliri.

170 2487 173 2494 ,
204 2421 329 2493 Mutian
351 2421 435 2487 habe
467 2417 522 2486 ihn
555 2421 785 2505 ausgefordert,
809 2423 1098 2507 gleichzeitigsmit
1119 2423 1210 2487 Hesse
1227 2436 1256 2482 11

114 2526 294 2606 schreiben,
318 2526 464 2592 daduroh
497 2535 678 2593 ermuntert
701 2529 878 2594 versichert
901 2551 937 2594 er
958 2529 1012 2593 ihn
1038 2527 1257 2594 sciuerbeuon-

114 2631 247 2717 derung,
277 2632 453 2714 bedauert,
487 2633 587 2698 durch
617 2634 704 2698 seine
736 2634 1014 2718 verheirathung³
1046 2632 1207 2717 gebindert
1230 2647 1258 2690 11

114 2739 194 2818 sein,
223 2761 263 2803 zu
295 2738 363 2803 ihm
394 2761 433 2802 zu
469 2739 553 2804 eilen
576 2739 642 2804 und
674 2740 802 2805 mbchte
826 2761 904 2824 geru
927 2740 980 2805 fiir
1002 2739 1058 2805 ihu
1082 2738 1181 2822 tb'aitig
1200 2733 1257 2800 sein.

114 2844 206 2912 Vale.
254 2844 480 2928 Herphortiae,
507 2851 525 2908 7
551 2844 617 2909 Cal.
642 2844 727 2909 Febr
743 2845 765 2909 ⁴.

205 2969 366 3030 Gedruckt:
383 2971 411 3030 J.
430 2989 455 3030 v.
474 2987 498 3029 e.
516 2971 542 3029 A
559 2966 606 3029 lb.

681 3071 698 3109 ³1⁸

113 3167 184 3214 terea
209 3162 278 3226 quod
302 3158 340 3212 ibi
362 3160 537 3230 promovisset
561 3160 690 3226 evangelii
718 3159 872 3211 doctrinam.
909 3162 977 3211 Aue:
1008 3162 1182 3212 Hamelmann
1201 3169 1260 3223 oport

113 3249 422 3315 genealogice-historica
446 3248 477 3298 de
495 3247 659 3313 Westphalia
683 3253 709 3299 et
728 3248 843 3298 Saxonis
870 3254 919 3298 etc.
951 3248 1049 3314 Lemgo
1078 3253 1143 3299 1711
1172 3264 1191 3299 s.
1216 3245 1260 3293 298·

190 3340 201 3384 1
224 3335 324 3402 Virum]
352 3335 522 3386 bekanntlich
554 3334 681 3400 Georgius
712 3336 845 3401 Benignus
876 3336 1089 3402 archiepiscopus
1127 3337 1260 3391 Nazarenum,

114 3424 169 3488 vgl.
188 3430 278 3473 unten.
314 3424 368 3472 Fur
386 3423 428 3473 dio
446 3424 474 3473 iu
493 3423 588 3472 diesem
607 3422 689 3472 bricfc
713 3422 906 3489 mitgetheilten
932 3422 1099 3486 thatsaehen,
1124 3416 1262 3474 namentlich

115 3508 158 3559 (lie
181 3508 252 3560 einer
283 3508 365 3560 durch
390 3510 489 3560 Martio
514 3510 634 3576 Groning
664 3511 867 3561 veranstalteten
894 3527 979 3561 neuen
1006 3510 1179 3562 lateinischen
1205 3507 1262 3558 tiber·

116 3601 226 3664 setuung
251 3597 295 3648 des
313 3597 513 3665 augenspiegels
535 3598 685 3663 geganiiber
710 3597 754 3647 der
772 3598 923 3648 schleohten
942 3598 996 3648 und
1014 3598 1177 3665 geffllschten
1196 3592 1278 3646 [loch--

113 3690 236 3749 stratens,
256 3686 309 3752 vgl.
322 3685 389 3736 auch
402 3687 478 3736 einen
489 3685 559 3735 brief
575 3686 619 3735 des
634 3685 839 3751 Christophorus
853 3686 953 3736 Welser
971 3702 1005 3735 an
1019 3686 1161 3752 Peutingor
1175 3681 1262 3734 27611.

117 3774 186 3825 1515
206 3773 242 3839 (J.
262 3790 287 3824 1.
307 3790 328 3823 e.
353 3774 442 3839 Bau).
552 3777 565 3821 2
586 3773 645 3838 Vgl.
672 3773 786 3824 Crause:
809 3774 934 3824 Hanauer
952 3773 1177 3839 schulprogramm
1205 3770 1263 3827 1863,

114 3865 130 3912 3
150 3861 178 3912 C.
193 3860 387 3929 ,verheirathete
405 3860 460 3910 sich
480 3860 561 3910 sehon
584 3863 650 3910 1513
674 3860 723 3910 mit
741 3861 902 3927 Kunigunde
921 3862 1002 3911 Stella
1021 3877 1068 3911 aus
1089 3859 1263 3920 Frankenberg,

115 3965 136 4000 s.
156 3949 253 4000 Grause
271 3965 291 3999 s.
313 3953 355 3998 lt.
427 3952 442 3996 4
463 3947 591 4013 Reilaufig
617 3954 711 4013 mdgen
736 3948 791 3998 hier
813 3949 899 4013 einige
923 3965 997 3998 verse
1022 3964 1069 3998 arus
1089 3947 1186 3998 Earicii
1203 3941 1265 3996 Cordi

118 4035 290 4103 expiatorium
317 4033 366 4099 (int
387 4051 466 4101 opera
483 4035 586 4101 poetica
607 4039 673 4086 1616
699 4052 719 4085 s.
743 4039 791 4108 146
813 4036 861 4101 fg.)
888 4034 1006 4085 erwlthnt
1024 4036 1089 4095 sein,
1108 4036 1136 4085 in
1155 4034 1230 4086 denuo
1244 4044 1265 4083 ot

24 4151 28 4160 ·
121 4122 185 4172 liber
203 4125 233 4173 R.
252 4119 337 4173 heibt:

198 4207 201 4214 '
226 4211 285 4261 Non
305 4216 395 4276 optata
413 4209 497 4276 magis
516 4210 591 4261 dabis
610 4211 650 4260 illi
671 4210 738 4276 [dem
753 4208 871 4278 Mutian]
888 4209 986 4259 nuncia
1004 4225 1083 4274 quam
1102 4223 1160 4274 quio

342 4297 423 4363 impia
441 4298 602 4363 Capnionem
621 4303 738 4349 monstra
755 4296 868 4347 domasae
887 4299 983 4347 ferunt.

223 4384 302 4437 Hunc
326 4401 450 4450 magnum
475 4385 582 4436 laudata
604 4387 691 4437 virum
709 4385 874 4451 primumque
893 4391 996 4450 poetam

391 4471 506 4545 plurimu
525 4473 650 4533 victorem
669 4473 746 4524 saecla
765 4473 851 4524 valere
866 4472 937 4548 jube,
974 4508 977 4512 -
