<?xml version="1.0" encoding="UTF-8"?>
<!DOCTYPE html PUBLIC "-//W3C//DTD XHTML 1.0 Transitional//EN"
    "http://www.w3.org/TR/xhtml1/DTD/xhtml1-transitional.dtd">
<html xmlns="http://www.w3.org/1999/xhtml" xml:lang="en" lang="en">
 <head>
  <title>
</title>
<meta http-equiv="Content-Type" content="text/html;charset=utf-8" />
  <meta name='ocr-system' content='tesseract 3.04.00' />
  <meta name='ocr-capabilities' content='ocr_page ocr_carea ocr_par ocr_line ocrx_word'/>
</head>
<body>
  <div class='ocr_page' id='page_1' title='image "./johannreuchlins01reucgoog/johannreuchlins01reucgoog_0280.png"; bbox 0 0 2798 4980; ppageno 0'>
   <div class='ocr_carea' id='block_1_1' title="bbox 667 296 733 362">
    <p class='ocr_par' dir='ltr' id='par_1_1' title="bbox 667 296 733 362">
     <span class='ocr_line' id='line_1_1' title="bbox 667 296 733 362; baseline 0 0"><span class='ocrx_word' id='word_1_1' title='bbox 667 296 733 362; x_wconf 74' lang='lat'><strong>268</strong></span> 
     </span>
    </p>
   </div>
   <div class='ocr_carea' id='block_1_2' title="bbox 111 479 1254 3310">
    <p class='ocr_par' dir='ltr' id='par_1_2' title="bbox 111 479 1254 2570">
     <span class='ocr_line' id='line_1_2' title="bbox 112 479 1250 572; baseline -0.005 -15"><span class='ocrx_word' id='word_1_2' title='bbox 112 487 307 568; x_wconf 76' lang='lat' dir='ltr'><strong>christiane,</strong></span> <span class='ocrx_word' id='word_1_3' title='bbox 322 487 471 554; x_wconf 81' lang='lat' dir='ltr'>Pontifex</span> <span class='ocrx_word' id='word_1_4' title='bbox 486 487 637 566; x_wconf 78' lang='lat' dir='ltr'><strong>hlaxime,</strong></span> <span class='ocrx_word' id='word_1_5' title='bbox 659 510 679 552; x_wconf 90' lang='lat' dir='ltr'><strong>a</strong></span> <span class='ocrx_word' id='word_1_6' title='bbox 695 487 880 572; x_wconf 75' lang='lat' dir='ltr'><strong>Pythagora</strong></span> <span class='ocrx_word' id='word_1_7' title='bbox 903 489 977 572; x_wconf 71' lang='lat' dir='ltr'><strong>eins</strong></span> <span class='ocrx_word' id='word_1_8' title='bbox 991 487 1131 554; x_wconf 90' lang='lat' dir='ltr'><strong>nominis</strong></span> <span class='ocrx_word' id='word_1_9' title='bbox 1144 479 1250 571; x_wconf 84' lang='lat' dir='ltr'><strong>parente</strong></span> 
     </span>
     <span class='ocr_line' id='line_1_3' title="bbox 112 591 1249 680; baseline -0.003 -21"><span class='ocrx_word' id='word_1_10' title='bbox 112 596 236 680; x_wconf 88' lang='lat' dir='ltr'><strong>primo,</strong></span> <span class='ocrx_word' id='word_1_11' title='bbox 269 595 312 659; x_wconf 88' lang='lat' dir='ltr'><strong>ad</strong></span> <span class='ocrx_word' id='word_1_12' title='bbox 349 616 493 660; x_wconf 83' lang='lat' dir='ltr'><strong>summos</strong></span> <span class='ocrx_word' id='word_1_13' title='bbox 524 593 670 659; x_wconf 88' lang='lat' dir='ltr'><strong>homines</strong></span> <span class='ocrx_word' id='word_1_14' title='bbox 698 593 933 659; x_wconf 80' lang='lat' dir='ltr'>excellentibus</span> <span class='ocrx_word' id='word_1_15' title='bbox 963 594 1102 678; x_wconf 89' lang='lat' dir='ltr'><strong>ingeniis</strong></span> <span class='ocrx_word' id='word_1_16' title='bbox 1127 591 1249 679; x_wconf 79' lang='lat' dir='ltr'><strong>proditor</strong></span> 
     </span>
     <span class='ocr_line' id='line_1_4' title="bbox 112 698 1250 784; baseline -0.004 -19"><span class='ocrx_word' id='word_1_17' title='bbox 112 699 189 767; x_wconf 90' lang='lat' dir='ltr'><strong>olim</strong></span> <span class='ocrx_word' id='word_1_18' title='bbox 212 699 321 764; x_wconf 81' lang='lat' dir='ltr'><strong>delata</strong></span> <span class='ocrx_word' id='word_1_19' title='bbox 344 699 649 784; x_wconf 87' lang='lat' dir='ltr'><strong>perquamplurimis</strong></span> <span class='ocrx_word' id='word_1_20' title='bbox 671 700 764 763; x_wconf 89' lang='lat' dir='ltr'><strong>annis</strong></span> <span class='ocrx_word' id='word_1_21' title='bbox 785 699 909 781; x_wconf 79' lang='lat' dir='ltr'><strong>ingenti</strong></span> <span class='ocrx_word' id='word_1_22' title='bbox 922 698 1049 765; x_wconf 86' lang='lat' dir='ltr'><strong>latratu</strong></span> <span class='ocrx_word' id='word_1_23' title='bbox 1064 699 1250 783; x_wconf 78' lang='lat' dir='ltr'><strong>sophistarum</strong></span> 
     </span>
     <span class='ocr_line' id='line_1_5' title="bbox 113 803 1251 890; baseline -0.004 -19"><span class='ocrx_word' id='word_1_24' title='bbox 113 806 278 872; x_wconf 85' lang='lat' dir='ltr'><strong>occiderat</strong></span> <span class='ocrx_word' id='word_1_25' title='bbox 301 814 367 868; x_wconf 88' lang='lat' dir='ltr'><strong>tam</strong></span> <span class='ocrx_word' id='word_1_26' title='bbox 392 804 448 869; x_wconf 86' lang='lat' dir='ltr'><strong>diu</strong></span> <span class='ocrx_word' id='word_1_27' title='bbox 471 803 616 868; x_wconf 89' lang='lat' dir='ltr'><strong>tenebris</strong></span> <span class='ocrx_word' id='word_1_28' title='bbox 640 812 675 867; x_wconf 94' lang='lat' dir='ltr'><strong>et</strong></span> <span class='ocrx_word' id='word_1_29' title='bbox 696 803 798 870; x_wconf 85' lang='lat' dir='ltr'><strong>densa</strong></span> <span class='ocrx_word' id='word_1_30' title='bbox 819 812 916 870; x_wconf 89' lang='lat' dir='ltr'><strong>nocto</strong></span> <span class='ocrx_word' id='word_1_31' title='bbox 939 804 1085 889; x_wconf 83' lang='lat' dir='ltr'><strong>sepulta,</strong></span> <span class='ocrx_word' id='word_1_32' title='bbox 1115 823 1251 890; x_wconf 78' lang='lat' dir='ltr'><strong>quousque</strong></span> 
     </span>
     <span class='ocr_line' id='line_1_6' title="bbox 113 907 1252 994; baseline -0.005 -17"><span class='ocrx_word' id='word_1_33' title='bbox 113 910 212 977; x_wconf 85' lang='lat' dir='ltr'><strong>deum</strong></span> <span class='ocrx_word' id='word_1_34' title='bbox 235 910 345 975; x_wconf 81' lang='lat' dir='ltr'><strong>farore</strong></span> <span class='ocrx_word' id='word_1_35' title='bbox 368 909 423 974; x_wconf 89' lang='lat' dir='ltr'><strong>Sol</strong></span> <span class='ocrx_word' id='word_1_36' title='bbox 447 910 550 975; x_wconf 85' lang='lat' dir='ltr'><strong>omnis</strong></span> <span class='ocrx_word' id='word_1_37' title='bbox 573 910 701 991; x_wconf 90' lang='lat' dir='ltr'><strong>generis</strong></span> <span class='ocrx_word' id='word_1_38' title='bbox 724 911 921 994; x_wconf 91' lang='lat' dir='ltr'><strong>optimorum</strong></span> <span class='ocrx_word' id='word_1_39' title='bbox 951 909 1148 989; x_wconf 85' lang='lat' dir='ltr'><strong>studiorum,</strong></span> <span class='ocrx_word' id='word_1_40' title='bbox 1169 907 1252 972; x_wconf 77' lang='lat' dir='ltr'><strong>clade</strong></span> 
     </span>
     <span class='ocr_line' id='line_1_7' title="bbox 113 1013 1251 1100; baseline -0.003 -18"><span class='ocrx_word' id='word_1_41' title='bbox 113 1017 217 1083; x_wconf 87' lang='lat' dir='ltr'><strong>simus</strong></span> <span class='ocrx_word' id='word_1_42' title='bbox 239 1015 435 1080; x_wconf 79' lang='lat' dir='ltr'><strong>Laurentius</strong></span> <span class='ocrx_word' id='word_1_43' title='bbox 459 1013 603 1078; x_wconf 75' lang='lat' dir='ltr'><strong>Medicas</strong></span> <span class='ocrx_word' id='word_1_44' title='bbox 626 1020 721 1097; x_wconf 89' lang='lat' dir='ltr'><strong>pater</strong></span> <span class='ocrx_word' id='word_1_45' title='bbox 743 1022 836 1094; x_wconf 89' lang='lat' dir='ltr'><strong>tuus,</strong></span> <span class='ocrx_word' id='word_1_46' title='bbox 867 1016 979 1099; x_wconf 87' lang='lat' dir='ltr'><strong>Magni</strong></span> <span class='ocrx_word' id='word_1_47' title='bbox 1002 1015 1111 1082; x_wconf 83' lang='lat' dir='ltr'><strong>Cosmi</strong></span> <span class='ocrx_word' id='word_1_48' title='bbox 1137 1033 1251 1100; x_wconf 81' lang='lat' dir='ltr'><strong>propago</strong></span> 
     </span>
     <span class='ocr_line' id='line_1_8' title="bbox 112 1119 1252 1203; baseline -0.005 -16"><span class='ocrx_word' id='word_1_49' title='bbox 112 1121 307 1187; x_wconf 86' lang='lat' dir='ltr'><strong>Florentinae</strong></span> <span class='ocrx_word' id='word_1_50' title='bbox 331 1119 472 1183; x_wconf 80' lang='lat' dir='ltr'><strong>civitatis</strong></span> <span class='ocrx_word' id='word_1_51' title='bbox 496 1120 658 1203; x_wconf 87' lang='lat' dir='ltr'><strong>princeps,</strong></span> <span class='ocrx_word' id='word_1_52' title='bbox 680 1121 872 1186; x_wconf 77' lang='lat' dir='ltr'><strong>exoriretur.</strong></span> <span class='ocrx_word' id='word_1_53' title='bbox 918 1121 1023 1199; x_wconf 82' lang='lat' dir='ltr'><strong>Quem</strong></span> <span class='ocrx_word' id='word_1_54' title='bbox 1051 1121 1113 1186; x_wconf 88' lang='lat' dir='ltr'><strong>etsi</strong></span> <span class='ocrx_word' id='word_1_55' title='bbox 1128 1119 1252 1196; x_wconf 82' lang='lat' dir='ltr'><strong>novimus,</strong></span> 
     </span>
     <span class='ocr_line' id='line_1_9' title="bbox 113 1223 1252 1309; baseline -0.004 -18"><span class='ocrx_word' id='word_1_56' title='bbox 113 1226 223 1292; x_wconf 90' lang='lat' dir='ltr'><strong>auimo</strong></span> <span class='ocrx_word' id='word_1_57' title='bbox 245 1232 280 1289; x_wconf 92' lang='lat' dir='ltr'><strong>et</strong></span> <span class='ocrx_word' id='word_1_58' title='bbox 309 1225 442 1288; x_wconf 89' lang='lat' dir='ltr'><strong>scientia</strong></span> <span class='ocrx_word' id='word_1_59' title='bbox 474 1224 675 1306; x_wconf 87' lang='lat' dir='ltr'><strong>gubernandi</strong></span> <span class='ocrx_word' id='word_1_60' title='bbox 699 1225 934 1309; x_wconf 79' lang='lat' dir='ltr'><strong>rempublicam</strong></span> <span class='ocrx_word' id='word_1_61' title='bbox 963 1233 998 1291; x_wconf 91' lang='lat' dir='ltr'><strong>et</strong></span> <span class='ocrx_word' id='word_1_62' title='bbox 1027 1225 1114 1290; x_wconf 90' lang='lat' dir='ltr'><strong>domi</strong></span> <span class='ocrx_word' id='word_1_63' title='bbox 1141 1223 1252 1308; x_wconf 86' lang='lat' dir='ltr'><strong>bellique</strong></span> 
     </span>
     <span class='ocr_line' id='line_1_10' title="bbox 113 1327 1252 1414; baseline -0.003 -19"><span class='ocrx_word' id='word_1_64' title='bbox 113 1331 223 1395; x_wconf 86' lang='lat' dir='ltr'><strong>omnia</strong></span> <span class='ocrx_word' id='word_1_65' title='bbox 257 1328 393 1393; x_wconf 86' lang='lat' dir='ltr'><strong>consilia</strong></span> <span class='ocrx_word' id='word_1_66' title='bbox 422 1350 461 1394; x_wconf 91' lang='lat' dir='ltr'><strong>ac</strong></span> <span class='ocrx_word' id='word_1_67' title='bbox 494 1327 670 1412; x_wconf 90' lang='lat' dir='ltr'><strong>prudentia</strong></span> <span class='ocrx_word' id='word_1_68' title='bbox 697 1330 831 1413; x_wconf 87' lang='lat' dir='ltr'><strong>gerendi</strong></span> <span class='ocrx_word' id='word_1_69' title='bbox 863 1337 932 1396; x_wconf 89' lang='lat' dir='ltr'><strong>tam</strong></span> <span class='ocrx_word' id='word_1_70' title='bbox 962 1330 1064 1407; x_wconf 75' lang='lat' dir='ltr'><strong>inisse</strong></span> <span class='ocrx_word' id='word_1_71' title='bbox 1093 1333 1252 1414; x_wconf 78' lang='lat' dir='ltr'><strong>compotem</strong></span> 
     </span>
     <span class='ocr_line' id='line_1_11' title="bbox 113 1431 1253 1517; baseline -0.004 -17"><span class='ocrx_word' id='word_1_72' title='bbox 113 1442 152 1500; x_wconf 90' lang='lat' dir='ltr'><strong>ut</strong></span> <span class='ocrx_word' id='word_1_73' title='bbox 172 1454 266 1499; x_wconf 89' lang='lat' dir='ltr'><strong>nemo</strong></span> <span class='ocrx_word' id='word_1_74' title='bbox 296 1440 393 1497; x_wconf 79' lang='lat' dir='ltr'><strong>etate</strong></span> <span class='ocrx_word' id='word_1_75' title='bbox 416 1454 476 1498; x_wconf 87' lang='lat' dir='ltr'><strong>sna</strong></span> <span class='ocrx_word' id='word_1_76' title='bbox 507 1435 538 1497; x_wconf 89' lang='lat' dir='ltr'><strong>in</strong></span> <span class='ocrx_word' id='word_1_77' title='bbox 575 1434 660 1498; x_wconf 82' lang='lat' dir='ltr'><strong>cirili</strong></span> <span class='ocrx_word' id='word_1_78' title='bbox 703 1436 935 1502; x_wconf 77' lang='lat' dir='ltr'><strong>exercitatione</strong></span> <span class='ocrx_word' id='word_1_79' title='bbox 978 1436 1144 1503; x_wconf 86' lang='lat' dir='ltr'><strong>rideretur</strong></span> <span class='ocrx_word' id='word_1_80' title='bbox 1177 1431 1253 1517; x_wconf 81' lang='lat' dir='ltr'><strong>magis</strong></span> 
     </span>
     <span class='ocr_line' id='line_1_12' title="bbox 112 1537 1252 1625; baseline -0.004 -19"><span class='ocrx_word' id='word_1_81' title='bbox 112 1537 312 1618; x_wconf 85' lang='lat' dir='ltr'><strong>laudandus,</strong></span> <span class='ocrx_word' id='word_1_82' title='bbox 344 1546 453 1602; x_wconf 89' lang='lat' dir='ltr'><strong>tamen</strong></span> <span class='ocrx_word' id='word_1_83' title='bbox 485 1538 529 1603; x_wconf 89' lang='lat' dir='ltr'><strong>ad</strong></span> <span class='ocrx_word' id='word_1_84' title='bbox 556 1537 617 1602; x_wconf 92' lang='lat' dir='ltr'><strong>boc</strong></span> <span class='ocrx_word' id='word_1_85' title='bbox 648 1539 741 1604; x_wconf 93' lang='lat' dir='ltr'><strong>nobis</strong></span> <span class='ocrx_word' id='word_1_86' title='bbox 771 1562 844 1604; x_wconf 92' lang='lat' dir='ltr'><strong>eum</strong></span> <span class='ocrx_word' id='word_1_87' title='bbox 871 1540 971 1606; x_wconf 84' lang='lat' dir='ltr'><strong>fateri</strong></span> <span class='ocrx_word' id='word_1_88' title='bbox 993 1545 1126 1625; x_wconf 82' lang='lat' dir='ltr'><strong>oportet</strong></span> <span class='ocrx_word' id='word_1_89' title='bbox 1145 1538 1252 1605; x_wconf 78' lang='lat' dir='ltr'><strong>comum</strong></span> 
     </span>
     <span class='ocr_line' id='line_1_13' title="bbox 113 1643 1252 1729; baseline -0.005 -18"><span class='ocrx_word' id='word_1_90' title='bbox 113 1643 187 1711; x_wconf 84' lang='lat' dir='ltr'><strong>dius</strong></span> <span class='ocrx_word' id='word_1_91' title='bbox 218 1651 331 1709; x_wconf 88' lang='lat' dir='ltr'><strong>natum</strong></span> <span class='ocrx_word' id='word_1_92' title='bbox 359 1665 431 1708; x_wconf 88' lang='lat' dir='ltr'><strong>esse</strong></span> <span class='ocrx_word' id='word_1_93' title='bbox 461 1643 596 1727; x_wconf 87' lang='lat' dir='ltr'><strong>perinde</strong></span> <span class='ocrx_word' id='word_1_94' title='bbox 627 1652 727 1729; x_wconf 89' lang='lat' dir='ltr'><strong>atquc</strong></span> <span class='ocrx_word' id='word_1_95' title='bbox 758 1645 886 1710; x_wconf 89' lang='lat' dir='ltr'><strong>coelitns</strong></span> <span class='ocrx_word' id='word_1_96' title='bbox 915 1645 1110 1726; x_wconf 88' lang='lat' dir='ltr'><strong>demissum,</strong></span> <span class='ocrx_word' id='word_1_97' title='bbox 1140 1650 1176 1710; x_wconf 91' lang='lat' dir='ltr'><strong>nt</strong></span> <span class='ocrx_word' id='word_1_98' title='bbox 1201 1646 1252 1729; x_wconf 89' lang='lat' dir='ltr'><strong>post</strong></span> 
     </span>
     <span class='ocr_line' id='line_1_14' title="bbox 113 1746 1251 1836; baseline -0.004 -20"><span class='ocrx_word' id='word_1_99' title='bbox 113 1749 306 1836; x_wconf 87' lang='lat' dir='ltr'><strong>eloquentiae</strong></span> <span class='ocrx_word' id='word_1_100' title='bbox 335 1748 522 1832; x_wconf 88' lang='lat' dir='ltr'><strong>disciplinas</strong></span> <span class='ocrx_word' id='word_1_101' title='bbox 544 1757 579 1813; x_wconf 93' lang='lat' dir='ltr'><strong>et</strong></span> <span class='ocrx_word' id='word_1_102' title='bbox 602 1749 812 1815; x_wconf 89' lang='lat' dir='ltr'><strong>benedicendi</strong></span> <span class='ocrx_word' id='word_1_103' title='bbox 835 1757 925 1816; x_wconf 87' lang='lat' dir='ltr'><strong>artes</strong></span> <span class='ocrx_word' id='word_1_104' title='bbox 946 1772 968 1815; x_wconf 90' lang='lat' dir='ltr'><strong>a</strong></span> <span class='ocrx_word' id='word_1_105' title='bbox 991 1750 1183 1829; x_wconf 88' lang='lat' dir='ltr'><strong>Petrarohis‚</strong></span> <span class='ocrx_word' id='word_1_106' title='bbox 1202 1746 1251 1813; x_wconf 89' lang='lat' dir='ltr'><strong>Phi·</strong></span> 
     </span>
     <span class='ocr_line' id='line_1_15' title="bbox 111 1853 1253 1941; baseline -0.004 -19"><span class='ocrx_word' id='word_1_107' title='bbox 111 1855 243 1941; x_wconf 85' lang='lat' dir='ltr'><strong>lclpbis,</strong></span> <span class='ocrx_word' id='word_1_108' title='bbox 268 1854 473 1938; x_wconf 78' lang='lat' dir='ltr'><strong>Aretinisque</strong></span> <span class='ocrx_word' id='word_1_109' title='bbox 497 1853 682 1919; x_wconf 86' lang='lat' dir='ltr'><strong>rhetoribus</strong></span> <span class='ocrx_word' id='word_1_110' title='bbox 712 1862 788 1920; x_wconf 86' lang='lat' dir='ltr'><strong>ante</strong></span> <span class='ocrx_word' id='word_1_111' title='bbox 807 1856 971 1939; x_wconf 82' lang='lat' dir='ltr'><strong>juventuti</strong></span> <span class='ocrx_word' id='word_1_112' title='bbox 993 1856 1182 1921; x_wconf 73' lang='lat' dir='ltr'><strong>Florentius</strong></span> <span class='ocrx_word' id='word_1_113' title='bbox 1208 1859 1253 1918; x_wconf 86' lang='lat' dir='ltr'><strong>tm·</strong></span> 
     </span>
     <span class='ocr_line' id='line_1_16' title="bbox 113 1957 1251 2044; baseline -0.003 -18"><span class='ocrx_word' id='word_1_114' title='bbox 113 1959 215 2040; x_wconf 88' lang='lat' dir='ltr'><strong>ditas,</strong></span> <span class='ocrx_word' id='word_1_115' title='bbox 254 1981 318 2044; x_wconf 92' lang='lat' dir='ltr'><strong>quo</strong></span> <span class='ocrx_word' id='word_1_116' title='bbox 356 1978 427 2024; x_wconf 88' lang='lat' dir='ltr'><strong>esse</strong></span> <span class='ocrx_word' id='word_1_117' title='bbox 461 1959 585 2044; x_wconf 85' lang='lat' dir='ltr'><strong>absque</strong></span> <span class='ocrx_word' id='word_1_118' title='bbox 617 1962 839 2025; x_wconf 85' lang='lat' dir='ltr'><strong>controversia</strong></span> <span class='ocrx_word' id='word_1_119' title='bbox 872 1967 1008 2044; x_wconf 86' lang='lat' dir='ltr'><strong>possent</strong></span> <span class='ocrx_word' id='word_1_120' title='bbox 1041 1961 1128 2027; x_wconf 85' lang='lat' dir='ltr'><strong>circs</strong></span> <span class='ocrx_word' id='word_1_121' title='bbox 1156 1957 1251 2026; x_wconf 88' lang='lat' dir='ltr'><strong>cunctis</strong></span> 
     </span>
     <span class='ocr_line' id='line_1_17' title="bbox 116 2064 1252 2150; baseline -0.006 -18"><span class='ocrx_word' id='word_1_122' title='bbox 116 2064 302 2132; x_wconf 87' lang='lat' dir='ltr'><strong>nationibus</strong></span> <span class='ocrx_word' id='word_1_123' title='bbox 326 2065 443 2130; x_wconf 81' lang='lat' dir='ltr'><strong>exteris</strong></span> <span class='ocrx_word' id='word_1_124' title='bbox 459 2064 609 2130; x_wconf 88' lang='lat' dir='ltr'><strong>nitidiore</strong></span> <span class='ocrx_word' id='word_1_125' title='bbox 633 2065 795 2130; x_wconf 90' lang='lat' dir='ltr'><strong>scribendi</strong></span> <span class='ocrx_word' id='word_1_126' title='bbox 810 2066 934 2130; x_wconf 89' lang='lat' dir='ltr'><strong>calamo</strong></span> <span class='ocrx_word' id='word_1_127' title='bbox 959 2071 994 2132; x_wconf 85' lang='lat' dir='ltr'><strong>et</strong></span> <span class='ocrx_word' id='word_1_128' title='bbox 1008 2066 1152 2150; x_wconf 89' lang='lat' dir='ltr'><strong>puritate</strong></span> <span class='ocrx_word' id='word_1_129' title='bbox 1165 2065 1252 2148; x_wconf 82' lang='lat' dir='ltr'><strong>lingue</strong></span> 
     </span>
     <span class='ocr_line' id='line_1_18' title="bbox 116 2165 1253 2256; baseline -0.004 -19"><span class='ocrx_word' id='word_1_130' title='bbox 116 2172 314 2248; x_wconf 80' lang='lat' dir='ltr'><strong>ornatiores,</strong></span> <span class='ocrx_word' id='word_1_131' title='bbox 342 2171 411 2253; x_wconf 89' lang='lat' dir='ltr'><strong>ipse</strong></span> <span class='ocrx_word' id='word_1_132' title='bbox 444 2170 577 2235; x_wconf 89' lang='lat' dir='ltr'><strong>tandem</strong></span> <span class='ocrx_word' id='word_1_133' title='bbox 599 2172 715 2255; x_wconf 84' lang='lat' dir='ltr'><strong>putriae</strong></span> <span class='ocrx_word' id='word_1_134' title='bbox 742 2171 878 2236; x_wconf 84' lang='lat' dir='ltr'><strong>inferret</strong></span> <span class='ocrx_word' id='word_1_135' title='bbox 901 2182 1031 2256; x_wconf 83' lang='lat' dir='ltr'><strong>quoque</strong></span> <span class='ocrx_word' id='word_1_136' title='bbox 1060 2171 1149 2237; x_wconf 87' lang='lat' dir='ltr'><strong>illam</strong></span> <span class='ocrx_word' id='word_1_137' title='bbox 1170 2165 1253 2254; x_wconf 85' lang='lat' dir='ltr'><strong>expul-</strong></span> 
     </span>
     <span class='ocr_line' id='line_1_19' title="bbox 114 2276 1253 2361; baseline -0.003 -20"><span class='ocrx_word' id='word_1_138' title='bbox 114 2276 229 2341; x_wconf 86' lang='lat' dir='ltr'><strong>tricem</strong></span> <span class='ocrx_word' id='word_1_139' title='bbox 251 2276 404 2340; x_wconf 88' lang='lat' dir='ltr'><strong>vitiorem</strong></span> <span class='ocrx_word' id='word_1_140' title='bbox 420 2277 612 2360; x_wconf 85' lang='lat' dir='ltr'><strong>sapientiam</strong></span> <span class='ocrx_word' id='word_1_141' title='bbox 626 2281 659 2340; x_wconf 93' lang='lat' dir='ltr'><strong>et</strong></span> <span class='ocrx_word' id='word_1_142' title='bbox 674 2297 868 2341; x_wconf 89' lang='lat' dir='ltr'><strong>arcanorum</strong></span> <span class='ocrx_word' id='word_1_143' title='bbox 882 2276 1103 2361; x_wconf 88' lang='lat' dir='ltr'><strong>investigandi</strong></span> <span class='ocrx_word' id='word_1_144' title='bbox 1117 2277 1253 2349; x_wconf 80' lang='lat' dir='ltr'><strong>rationem,</strong></span> 
     </span>
     <span class='ocr_line' id='line_1_20' title="bbox 117 2379 1254 2468; baseline -0.001 -24"><span class='ocrx_word' id='word_1_145' title='bbox 117 2400 190 2464; x_wconf 80' lang='lat' dir='ltr'><strong>qua</strong></span> <span class='ocrx_word' id='word_1_146' title='bbox 212 2379 362 2444; x_wconf 84' lang='lat' dir='ltr'><strong>inlibris</strong></span> <span class='ocrx_word' id='word_1_147' title='bbox 396 2387 429 2445; x_wconf 91' lang='lat' dir='ltr'><strong>et</strong></span> <span class='ocrx_word' id='word_1_148' title='bbox 459 2382 674 2446; x_wconf 87' lang='lat' dir='ltr'><strong>monumentis</strong></span> <span class='ocrx_word' id='word_1_149' title='bbox 703 2382 883 2465; x_wconf 90' lang='lat' dir='ltr'><strong>priscorum</strong></span> <span class='ocrx_word' id='word_1_150' title='bbox 911 2381 954 2446; x_wconf 87' lang='lat' dir='ltr'><strong>ad</strong></span> <span class='ocrx_word' id='word_1_151' title='bbox 982 2402 1042 2447; x_wconf 87' lang='lat' dir='ltr'><strong>sua</strong></span> <span class='ocrx_word' id='word_1_152' title='bbox 1071 2402 1170 2468; x_wconf 88' lang='lat' dir='ltr'><strong>usque</strong></span> <span class='ocrx_word' id='word_1_153' title='bbox 1197 2386 1254 2446; x_wconf 84' lang='lat' dir='ltr'><strong>teu·</strong></span> 
     </span>
     <span class='ocr_line' id='line_1_21' title="bbox 118 2472 552 2570; baseline 0 -20"><span class='ocrx_word' id='word_1_154' title='bbox 118 2505 200 2570; x_wconf 89' lang='lat' dir='ltr'><strong>pora</strong></span> <span class='ocrx_word' id='word_1_155' title='bbox 221 2485 404 2550; x_wconf 83' lang='lat' dir='ltr'><strong>latuissent</strong></span> <span class='ocrx_word' id='word_1_156' title='bbox 543 2472 552 2495; x_wconf 82' lang='lat'><strong><em>‘</em></strong></span> 
     </span>
    </p>

    <p class='ocr_par' dir='ltr' id='par_1_3' title="bbox 114 2590 1254 3310">
     <span class='ocr_line' id='line_1_22' title="bbox 206 2590 1253 2677; baseline -0.003 -23"><span class='ocrx_word' id='word_1_157' title='bbox 206 2591 256 2655; x_wconf 85' lang='lat' dir='ltr'><strong>Ad</strong></span> <span class='ocrx_word' id='word_1_158' title='bbox 279 2590 312 2655; x_wconf 92' lang='lat' dir='ltr'><strong>id</strong></span> <span class='ocrx_word' id='word_1_159' title='bbox 333 2591 503 2675; x_wconf 77' lang='lat' dir='ltr'><strong>provincia</strong></span> <span class='ocrx_word' id='word_1_160' title='bbox 522 2590 692 2674; x_wconf 85' lang='lat' dir='ltr'><strong>diligenter</strong></span> <span class='ocrx_word' id='word_1_161' title='bbox 718 2592 834 2657; x_wconf 85' lang='lat' dir='ltr'><strong>accivit</strong></span> <span class='ocrx_word' id='word_1_162' title='bbox 848 2592 1065 2677; x_wconf 87' lang='lat' dir='ltr'><strong>undequaque</strong></span> <span class='ocrx_word' id='word_1_163' title='bbox 1082 2591 1253 2658; x_wconf 88' lang='lat' dir='ltr'><strong>doctissimos</strong></span> 
     </span>
     <span class='ocr_line' id='line_1_23' title="bbox 116 2697 1253 2782; baseline -0.004 -20"><span class='ocrx_word' id='word_1_164' title='bbox 116 2702 151 2763; x_wconf 85' lang='lat' dir='ltr'><strong>et</strong></span> <span class='ocrx_word' id='word_1_165' title='bbox 179 2703 326 2761; x_wconf 81' lang='lat' dir='ltr'><strong>veterum</strong></span> <span class='ocrx_word' id='word_1_166' title='bbox 357 2702 509 2761; x_wconf 86' lang='lat' dir='ltr'><strong>autorum</strong></span> <span class='ocrx_word' id='word_1_167' title='bbox 542 2697 756 2780; x_wconf 89' lang='lat' dir='ltr'><strong>peritissimos</strong></span> <span class='ocrx_word' id='word_1_168' title='bbox 792 2699 878 2763; x_wconf 79' lang='lat' dir='ltr'><strong>viros</strong></span> <span class='ocrx_word' id='word_1_169' title='bbox 909 2697 1029 2782; x_wconf 90' lang='lat' dir='ltr'><strong>quibus</strong></span> <span class='ocrx_word' id='word_1_170' title='bbox 1067 2713 1142 2763; x_wconf 91' lang='lat' dir='ltr'><strong>cum</strong></span> <span class='ocrx_word' id='word_1_171' title='bbox 1171 2715 1253 2762; x_wconf 87' lang='lat' dir='ltr'><strong>remu</strong></span> 
     </span>
     <span class='ocr_line' id='line_1_24' title="bbox 115 2800 1253 2887; baseline -0.004 -20"><span class='ocrx_word' id='word_1_172' title='bbox 115 2802 251 2868; x_wconf 88' lang='lat' dir='ltr'><strong>scientia</strong></span> <span class='ocrx_word' id='word_1_173' title='bbox 281 2802 377 2867; x_wconf 90' lang='lat' dir='ltr'><strong>etiam</strong></span> <span class='ocrx_word' id='word_1_174' title='bbox 410 2801 492 2865; x_wconf 85' lang='lat' dir='ltr'><strong>satis</strong></span> <span class='ocrx_word' id='word_1_175' title='bbox 523 2810 610 2867; x_wconf 90' lang='lat' dir='ltr'><strong>esset</strong></span> <span class='ocrx_word' id='word_1_176' title='bbox 648 2803 855 2887; x_wconf 77' lang='lat' dir='ltr'><strong>eloquentia,</strong></span> <span class='ocrx_word' id='word_1_177' title='bbox 888 2805 1091 2870; x_wconf 87' lang='lat' dir='ltr'><strong>Demetrium</strong></span> <span class='ocrx_word' id='word_1_178' title='bbox 1130 2800 1253 2869; x_wconf 84' lang='lat' dir='ltr'><strong>Chalcen-</strong></span> 
     </span>
     <span class='ocr_line' id='line_1_25' title="bbox 114 2904 1253 2993; baseline -0.004 -21"><span class='ocrx_word' id='word_1_179' title='bbox 114 2905 220 2992; x_wconf 89' lang='lat' dir='ltr'><strong>dylen,</strong></span> <span class='ocrx_word' id='word_1_180' title='bbox 245 2906 425 2971; x_wconf 88' lang='lat' dir='ltr'><strong>Marsilium</strong></span> <span class='ocrx_word' id='word_1_181' title='bbox 448 2907 608 2986; x_wconf 83' lang='lat' dir='ltr'><strong>Ficinum,</strong></span> <span class='ocrx_word' id='word_1_182' title='bbox 639 2908 814 2991; x_wconf 84' lang='lat' dir='ltr'><strong>Georgium</strong></span> <span class='ocrx_word' id='word_1_183' title='bbox 838 2909 1048 2993; x_wconf 82' lang='lat' dir='ltr'><strong>Vespasium,</strong></span> <span class='ocrx_word' id='word_1_184' title='bbox 1079 2904 1253 2992; x_wconf 84' lang='lat' dir='ltr'><strong>Christopho</strong></span> 
     </span>
     <span class='ocr_line' id='line_1_26' title="bbox 114 3012 1254 3096; baseline -0.005 -18"><span class='ocrx_word' id='word_1_185' title='bbox 114 3034 186 3078; x_wconf 89' lang='lat' dir='ltr'><strong>rum</strong></span> <span class='ocrx_word' id='word_1_186' title='bbox 202 3012 391 3090; x_wconf 82' lang='lat' dir='ltr'><strong>bandinum,</strong></span> <span class='ocrx_word' id='word_1_187' title='bbox 416 3012 576 3091; x_wconf 91' lang='lat' dir='ltr'><strong>Valorem‚</strong></span> <span class='ocrx_word' id='word_1_188' title='bbox 598 3012 755 3096; x_wconf 82' lang='lat' dir='ltr'><strong>Angelum</strong></span> <span class='ocrx_word' id='word_1_189' title='bbox 771 3013 977 3096; x_wconf 89' lang='lat' dir='ltr'><strong>Politiannm,</strong></span> <span class='ocrx_word' id='word_1_190' title='bbox 1001 3014 1159 3080; x_wconf 76' lang='lat' dir='ltr'><strong>ioannem</strong></span> <span class='ocrx_word' id='word_1_191' title='bbox 1170 3012 1254 3078; x_wconf 86' lang='lat' dir='ltr'><strong>Picum</strong></span> 
     </span>
     <span class='ocr_line' id='line_1_27' title="bbox 116 3115 1253 3203; baseline -0.003 -19"><span class='ocrx_word' id='word_1_192' title='bbox 116 3116 309 3184; x_wconf 86' lang='lat' dir='ltr'><strong>Mirandulae</strong></span> <span class='ocrx_word' id='word_1_193' title='bbox 341 3117 505 3197; x_wconf 85' lang='lat' dir='ltr'><strong>comitem,</strong></span> <span class='ocrx_word' id='word_1_194' title='bbox 536 3125 735 3202; x_wconf 86' lang='lat' dir='ltr'><strong>caeterosque</strong></span> <span class='ocrx_word' id='word_1_195' title='bbox 766 3120 854 3186; x_wconf 89' lang='lat' dir='ltr'><strong>orbis</strong></span> <span class='ocrx_word' id='word_1_196' title='bbox 883 3119 1134 3202; x_wconf 88' lang='lat' dir='ltr'><strong>eruditissimos,</strong></span> <span class='ocrx_word' id='word_1_197' title='bbox 1163 3115 1253 3203; x_wconf 84' lang='lat' dir='ltr'><strong>quibu</strong></span> 
     </span>
     <span class='ocr_line' id='line_1_28' title="bbox 114 3222 1252 3310; baseline 0 -23"><span class='ocrx_word' id='word_1_198' title='bbox 114 3223 323 3307; x_wconf 89' lang='lat' dir='ltr'><strong>antiquorum</strong></span> <span class='ocrx_word' id='word_1_199' title='bbox 352 3222 486 3289; x_wconf 88' lang='lat' dir='ltr'><strong>solertia</strong></span> <span class='ocrx_word' id='word_1_200' title='bbox 517 3230 550 3287; x_wconf 92' lang='lat' dir='ltr'><strong>et</strong></span> <span class='ocrx_word' id='word_1_201' title='bbox 579 3244 701 3288; x_wconf 89' lang='lat' dir='ltr'><strong>arcana</strong></span> <span class='ocrx_word' id='word_1_202' title='bbox 730 3231 876 3292; x_wconf 80' lang='lat' dir='ltr'><strong>uetustas</strong></span> <span class='ocrx_word' id='word_1_203' title='bbox 908 3224 1112 3310; x_wconf 83' lang='lat' dir='ltr'><strong>malignitate</strong></span> <span class='ocrx_word' id='word_1_204' title='bbox 1147 3237 1252 3290; x_wconf 82' lang='lat' dir='ltr'><strong>casuum</strong></span> 
     </span>
    </p>
   </div>
   <div class='ocr_carea' id='block_1_3' title="bbox 113 3359 1254 3487">
    <p class='ocr_par' dir='ltr' id='par_1_4' title="bbox 113 3359 1254 3487">
     <span class='ocr_line' id='line_1_29' title="bbox 113 3359 1254 3487; baseline 0.004 -16"><span class='ocrx_word' id='word_1_205' title='bbox 113 3421 189 3473; x_wconf 88' lang='lat' dir='ltr'><strong>nicht</strong></span> <span class='ocrx_word' id='word_1_206' title='bbox 208 3422 341 3487; x_wconf 88' lang='lat' dir='ltr'><strong>erbalten,</strong></span> <span class='ocrx_word' id='word_1_207' title='bbox 365 3441 393 3475; x_wconf 90' lang='lat' dir='ltr'><strong>er</strong></span> <span class='ocrx_word' id='word_1_208' title='bbox 416 3425 533 3477; x_wconf 88' lang='lat' dir='ltr'><strong>schreibt</strong></span> <span class='ocrx_word' id='word_1_209' title='bbox 558 3442 591 3476; x_wconf 86' lang='lat' dir='ltr'><strong>an</strong></span> <span class='ocrx_word' id='word_1_210' title='bbox 623 3359 814 3477; x_wconf 61' lang='lat' dir='ltr'><strong>Pircldheimer:</strong></span> <span class='ocrx_word' id='word_1_211' title='bbox 841 3427 942 3477; x_wconf 84' lang='lat' dir='ltr'><strong>litteras</strong></span> <span class='ocrx_word' id='word_1_212' title='bbox 967 3428 1010 3478; x_wconf 84' lang='lat' dir='ltr'><strong>Jo.</strong></span> <span class='ocrx_word' id='word_1_213' title='bbox 1036 3425 1165 3479; x_wconf 86' lang='lat' dir='ltr'><strong>Rcuchliu</strong></span> <span class='ocrx_word' id='word_1_214' title='bbox 1187 3417 1254 3486; x_wconf 67' lang='lat' dir='ltr'><strong>rostri</strong></span> 
     </span>
    </p>
   </div>
   <div class='ocr_carea' id='block_1_4' title="bbox 113 3495 1255 4446">
    <p class='ocr_par' dir='ltr' id='par_1_5' title="bbox 113 3495 1255 4446">
     <span class='ocr_line' id='line_1_30' title="bbox 115 3495 1255 3581; baseline 0.004 -21"><span class='ocrx_word' id='word_1_215' title='bbox 115 3507 173 3573; x_wconf 83' lang='lat' dir='ltr'><strong>(der</strong></span> <span class='ocrx_word' id='word_1_216' title='bbox 205 3510 278 3561; x_wconf 83' lang='lat' dir='ltr'><strong>brief</strong></span> <span class='ocrx_word' id='word_1_217' title='bbox 304 3516 340 3562; x_wconf 86' lang='lat' dir='ltr'><strong>int</strong></span> <span class='ocrx_word' id='word_1_218' title='bbox 373 3513 477 3564; x_wconf 81' lang='lat' dir='ltr'><strong>ireilich</strong></span> <span class='ocrx_word' id='word_1_219' title='bbox 505 3515 578 3564; x_wconf 90' lang='lat' dir='ltr'><strong>nicht</strong></span> <span class='ocrx_word' id='word_1_220' title='bbox 603 3514 677 3565; x_wconf 88' lang='lat' dir='ltr'><strong>mehr</strong></span> <span class='ocrx_word' id='word_1_221' title='bbox 701 3515 839 3581; x_wconf 77' lang='lat' dir='ltr'><strong>ethelmo),</strong></span> <span class='ocrx_word' id='word_1_222' title='bbox 858 3513 955 3564; x_wconf 88' lang='lat' dir='ltr'><strong>librum</strong></span> <span class='ocrx_word' id='word_1_223' title='bbox 980 3517 1037 3580; x_wconf 87' lang='lat' dir='ltr'><strong>ejus</strong></span> <span class='ocrx_word' id='word_1_224' title='bbox 1062 3515 1187 3578; x_wconf 87' lang='lat' dir='ltr'><strong>noudum,</strong></span> <span class='ocrx_word' id='word_1_225' title='bbox 1208 3495 1255 3576; x_wconf 70' lang='lat' dir='ltr'><strong>quo·</strong></span> 
     </span>
     <span class='ocr_line' id='line_1_31' title="bbox 114 3599 1253 3671; baseline 0.001 -20"><span class='ocrx_word' id='word_1_226' title='bbox 114 3601 186 3651; x_wconf 83' lang='lat' dir='ltr'><strong>niani</strong></span> <span class='ocrx_word' id='word_1_227' title='bbox 206 3599 267 3649; x_wconf 83' lang='lat' dir='ltr'><strong>Petu</strong></span> <span class='ocrx_word' id='word_1_228' title='bbox 287 3601 477 3666; x_wconf 86' lang='lat' dir='ltr'><strong>(Hieronymus</strong></span> <span class='ocrx_word' id='word_1_229' title='bbox 502 3604 551 3653; x_wconf 86' lang='lat' dir='ltr'><strong>wie</strong></span> <span class='ocrx_word' id='word_1_230' title='bbox 578 3604 715 3653; x_wconf 84' lang='lat' dir='ltr'><strong>Heumann</strong></span> <span class='ocrx_word' id='word_1_231' title='bbox 742 3608 813 3671; x_wconf 83' lang='lat' dir='ltr'><strong>sagi)</strong></span> <span class='ocrx_word' id='word_1_232' title='bbox 845 3602 977 3654; x_wconf 84' lang='lat' dir='ltr'><strong>mercibus</strong></span> <span class='ocrx_word' id='word_1_233' title='bbox 1006 3602 1094 3654; x_wconf 80' lang='lat' dir='ltr'><strong>adhuc</strong></span> <span class='ocrx_word' id='word_1_234' title='bbox 1112 3599 1253 3654; x_wconf 67' lang='lat' dir='ltr'><strong>veronesi</strong></span> 
     </span>
     <span class='ocr_line' id='line_1_32' title="bbox 115 3688 1254 3756; baseline 0 -16"><span class='ocrx_word' id='word_1_235' title='bbox 115 3690 266 3754; x_wconf 83' lang='lat' dir='ltr'><strong>(Heumann</strong></span> <span class='ocrx_word' id='word_1_236' title='bbox 287 3705 310 3738; x_wconf 79' lang='lat' dir='ltr'><strong>a.</strong></span> <span class='ocrx_word' id='word_1_237' title='bbox 330 3707 353 3738; x_wconf 84' lang='lat' dir='ltr'><strong>a.</strong></span> <span class='ocrx_word' id='word_1_238' title='bbox 372 3707 394 3739; x_wconf 89' lang='lat' dir='ltr'><strong>o.</strong></span> <span class='ocrx_word' id='word_1_239' title='bbox 414 3706 434 3741; x_wconf 91' lang='lat' dir='ltr'><strong>s.</strong></span> <span class='ocrx_word' id='word_1_240' title='bbox 453 3695 507 3756; x_wconf 75' lang='lat'><strong>34).</strong></span> <span class='ocrx_word' id='word_1_241' title='bbox 548 3694 614 3742; x_wconf 79' lang='lat'>1516</span> <span class='ocrx_word' id='word_1_242' title='bbox 634 3691 732 3742; x_wconf 81' lang='lat' dir='ltr'><strong>muldet</strong></span> <span class='ocrx_word' id='word_1_243' title='bbox 751 3692 848 3741; x_wconf 87' lang='lat' dir='ltr'><strong>bercits</strong></span> <span class='ocrx_word' id='word_1_244' title='bbox 862 3691 981 3741; x_wconf 86' lang='lat' dir='ltr'><strong>Gerhard</strong></span> <span class='ocrx_word' id='word_1_245' title='bbox 996 3693 1119 3756; x_wconf 78' lang='lat' dir='ltr'><strong>hystrius</strong></span> <span class='ocrx_word' id='word_1_246' title='bbox 1137 3693 1190 3742; x_wconf 85' lang='lat' dir='ltr'><strong>dem</strong></span> <span class='ocrx_word' id='word_1_247' title='bbox 1200 3688 1254 3740; x_wconf 60' lang='grc' dir='ltr'><strong>ΕΝ</strong></span> 
     </span>
     <span class='ocr_line' id='line_1_33' title="bbox 113 3777 1254 3846; baseline -0.002 -18"><span class='ocrx_word' id='word_1_248' title='bbox 113 3793 183 3829; x_wconf 87' lang='lat' dir='ltr'><strong>mus:</strong></span> <span class='ocrx_word' id='word_1_249' title='bbox 209 3777 316 3843; x_wconf 86' lang='lat' dir='ltr'><strong>scripsit</strong></span> <span class='ocrx_word' id='word_1_250' title='bbox 341 3778 405 3826; x_wconf 89' lang='lat' dir='ltr'><strong>mihi</strong></span> <span class='ocrx_word' id='word_1_251' title='bbox 426 3777 571 3840; x_wconf 77' lang='lat' dir='ltr'><strong>Casarins,</strong></span> <span class='ocrx_word' id='word_1_252' title='bbox 599 3781 760 3845; x_wconf 86' lang='lat' dir='ltr'><strong>Capnionem</strong></span> <span class='ocrx_word' id='word_1_253' title='bbox 780 3795 870 3829; x_wconf 85' lang='lat' dir='ltr'><strong>curare</strong></span> <span class='ocrx_word' id='word_1_254' title='bbox 893 3779 963 3846; x_wconf 85' lang='lat' dir='ltr'><strong>apud</strong></span> <span class='ocrx_word' id='word_1_255' title='bbox 983 3780 1114 3831; x_wconf 84' lang='lat' dir='ltr'><strong>Thomam</strong></span> <span class='ocrx_word' id='word_1_256' title='bbox 1132 3777 1254 3832; x_wconf 77' lang='lat' dir='ltr'><strong>auretam</strong></span> 
     </span>
     <span class='ocr_line' id='line_1_34' title="bbox 113 3859 1254 3934; baseline 0.001 -16"><span class='ocrx_word' id='word_1_257' title='bbox 113 3868 228 3934; x_wconf 89' lang='lat' dir='ltr'><strong>imprimi</strong></span> <span class='ocrx_word' id='word_1_258' title='bbox 255 3872 336 3916; x_wconf 86' lang='lat' dir='ltr'><strong>artem</strong></span> <span class='ocrx_word' id='word_1_259' title='bbox 367 3866 548 3916; x_wconf 83' lang='lat' dir='ltr'><strong>cabalisticem</strong></span> <span class='ocrx_word' id='word_1_260' title='bbox 578 3875 603 3917; x_wconf 88' lang='lat' dir='ltr'><strong>ct</strong></span> <span class='ocrx_word' id='word_1_261' title='bbox 631 3867 823 3934; x_wconf 87' lang='lat' dir='ltr'><strong>philosophiam</strong></span> <span class='ocrx_word' id='word_1_262' title='bbox 852 3866 1062 3932; x_wconf 82' lang='lat' dir='ltr'><strong>pythagoricam.</strong></span> <span class='ocrx_word' id='word_1_263' title='bbox 1089 3867 1131 3917; x_wconf 82' lang='lat' dir='ltr'><strong>Er.</strong></span> <span class='ocrx_word' id='word_1_264' title='bbox 1150 3883 1202 3932; x_wconf 84' lang='lat' dir='ltr'><strong>opp·</strong></span> <span class='ocrx_word' id='word_1_265' title='bbox 1223 3859 1254 3919; x_wconf 73' lang='lat' dir='ltr'><strong>lflr</strong></span> 
     </span>
     <span class='ocr_line' id='line_1_35' title="bbox 115 3946 1254 4020; baseline -0.004 -13"><span class='ocrx_word' id='word_1_266' title='bbox 115 3956 166 4007; x_wconf 92' lang='lat' dir='ltr'><strong>col.</strong></span> <span class='ocrx_word' id='word_1_267' title='bbox 194 3955 274 4016; x_wconf 69' lang='lat'>1582,</span> <span class='ocrx_word' id='word_1_268' title='bbox 300 3954 417 4020; x_wconf 78' lang='lat' dir='ltr'><strong>Append.</strong></span> <span class='ocrx_word' id='word_1_269' title='bbox 445 3970 500 4003; x_wconf 68' lang='lat' dir='ltr'><strong>nro,</strong></span> <span class='ocrx_word' id='word_1_270' title='bbox 526 3955 593 4006; x_wconf 84' lang='lat' dir='ltr'>CIV.</span> <span class='ocrx_word' id='word_1_271' title='bbox 631 3956 707 4006; x_wconf 79' lang='lat' dir='ltr'><strong>rtuch</strong></span> <span class='ocrx_word' id='word_1_272' title='bbox 735 3955 834 4005; x_wconf 85' lang='lat' dir='ltr'><strong>Lutbcr</strong></span> <span class='ocrx_word' id='word_1_273' title='bbox 857 3955 903 4005; x_wconf 86' lang='lat' dir='ltr'><strong>hat</strong></span> <span class='ocrx_word' id='word_1_274' title='bbox 928 3955 974 4004; x_wconf 87' lang='lat' dir='ltr'><strong>das</strong></span> <span class='ocrx_word' id='word_1_275' title='bbox 997 3955 1069 4005; x_wconf 69' lang='lat' dir='ltr'><strong>werlu</strong></span> <span class='ocrx_word' id='word_1_276' title='bbox 1095 3955 1203 4006; x_wconf 83' lang='lat' dir='ltr'><strong>benutst</strong></span> <span class='ocrx_word' id='word_1_277' title='bbox 1229 3946 1254 3997; x_wconf 71' lang='lat' dir='ltr'><strong>Er</strong></span> 
     </span>
     <span class='ocr_line' id='line_1_36' title="bbox 113 4034 1253 4110; baseline -0.001 -16"><span class='ocrx_word' id='word_1_278' title='bbox 113 4042 231 4096; x_wconf 83' lang='lat' dir='ltr'><strong>schreibt</strong></span> <span class='ocrx_word' id='word_1_279' title='bbox 250 4059 282 4093; x_wconf 92' lang='lat' dir='ltr'><strong>au</strong></span> <span class='ocrx_word' id='word_1_280' title='bbox 298 4042 416 4110; x_wconf 83' lang='lat' dir='ltr'><strong>Spalatin</strong></span> <span class='ocrx_word' id='word_1_281' title='bbox 437 4045 470 4092; x_wconf 76' lang='grc'><strong>29</strong></span> <span class='ocrx_word' id='word_1_282' title='bbox 483 4042 548 4092; x_wconf 87' lang='lat' dir='ltr'><strong>Juni</strong></span> <span class='ocrx_word' id='word_1_283' title='bbox 565 4046 632 4092; x_wconf 76' lang='lat'>1518</span> <span class='ocrx_word' id='word_1_284' title='bbox 656 4043 699 4104; x_wconf 83' lang='lat' dir='ltr'><strong>(de</strong></span> <span class='ocrx_word' id='word_1_285' title='bbox 713 4045 807 4105; x_wconf 86' lang='lat' dir='ltr'><strong>Wette,</strong></span> <span class='ocrx_word' id='word_1_286' title='bbox 825 4043 936 4093; x_wconf 88' lang='lat' dir='ltr'><strong>Luthers</strong></span> <span class='ocrx_word' id='word_1_287' title='bbox 953 4043 1043 4106; x_wconf 84' lang='lat' dir='ltr'><strong>briele,</strong></span> <span class='ocrx_word' id='word_1_288' title='bbox 1062 4044 1150 4094; x_wconf 88' lang='lat' dir='ltr'><strong>Berlin</strong></span> <span class='ocrx_word' id='word_1_289' title='bbox 1170 4034 1253 4093; x_wconf 62' lang='lat' dir='ltr'><strong>little</strong></span> 
     </span>
     <span class='ocr_line' id='line_1_37' title="bbox 113 4123 1253 4196; baseline -0.004 -16"><span class='ocrx_word' id='word_1_290' title='bbox 113 4145 134 4182; x_wconf 86' lang='lat' dir='ltr'><strong>s.</strong></span> <span class='ocrx_word' id='word_1_291' title='bbox 157 4134 230 4196; x_wconf 75' lang='lat' dir='ltr'><strong>lt‘l)=</strong></span> <span class='ocrx_word' id='word_1_292' title='bbox 267 4131 342 4192; x_wconf 80' lang='lat' dir='ltr'><strong>Quod</strong></span> <span class='ocrx_word' id='word_1_293' title='bbox 362 4139 388 4181; x_wconf 91' lang='lat' dir='ltr'><strong>ct</strong></span> <span class='ocrx_word' id='word_1_294' title='bbox 406 4130 544 4181; x_wconf 68' lang='lat' dir='ltr'><strong>iohannes</strong></span> <span class='ocrx_word' id='word_1_295' title='bbox 563 4131 691 4181; x_wconf 85' lang='lat' dir='ltr'><strong>Rcuchlin</strong></span> <span class='ocrx_word' id='word_1_296' title='bbox 718 4131 881 4182; x_wconf 86' lang='lat' dir='ltr'><strong>insecundo</strong></span> <span class='ocrx_word' id='word_1_297' title='bbox 903 4131 972 4181; x_wconf 88' lang='lat' dir='ltr'><strong>libro</strong></span> <span class='ocrx_word' id='word_1_298' title='bbox 995 4130 1118 4183; x_wconf 74' lang='lat' dir='ltr'><strong>Oabbalae</strong></span> <span class='ocrx_word' id='word_1_299' title='bbox 1138 4145 1187 4181; x_wconf 77' lang='lat' dir='ltr'><strong>sua</strong></span> <span class='ocrx_word' id='word_1_300' title='bbox 1206 4123 1253 4176; x_wconf 74' lang='lat' dir='ltr'><strong>satit</strong></span> 
     </span>
     <span class='ocr_line' id='line_1_38' title="bbox 115 4209 1253 4285; baseline -0.002 -19"><span class='ocrx_word' id='word_1_301' title='bbox 115 4217 236 4272; x_wconf 82' lang='lat' dir='ltr'><strong>affirmat:</strong></span> <span class='ocrx_word' id='word_1_302' title='bbox 260 4219 328 4283; x_wconf 86' lang='lat' dir='ltr'><strong>quod</strong></span> <span class='ocrx_word' id='word_1_303' title='bbox 352 4221 375 4269; x_wconf 91' lang='lat' dir='ltr'><strong>si</strong></span> <span class='ocrx_word' id='word_1_304' title='bbox 402 4217 457 4268; x_wconf 87' lang='lat' dir='ltr'><strong>ulla</strong></span> <span class='ocrx_word' id='word_1_305' title='bbox 474 4221 624 4269; x_wconf 84' lang='lat' dir='ltr'><strong>neccssaria</strong></span> <span class='ocrx_word' id='word_1_306' title='bbox 643 4225 684 4270; x_wconf 92' lang='lat' dir='ltr'><strong>est</strong></span> <span class='ocrx_word' id='word_1_307' title='bbox 702 4219 848 4282; x_wconf 76' lang='lat' dir='ltr'><strong>dialectica,</strong></span> <span class='ocrx_word' id='word_1_308' title='bbox 875 4220 1002 4270; x_wconf 86' lang='lat' dir='ltr'><strong>naturalis</strong></span> <span class='ocrx_word' id='word_1_309' title='bbox 1022 4220 1071 4270; x_wconf 91' lang='lat' dir='ltr'><strong>illa</strong></span> <span class='ocrx_word' id='word_1_310' title='bbox 1091 4219 1200 4285; x_wconf 84' lang='lat' dir='ltr'><strong>ingenita</strong></span> <span class='ocrx_word' id='word_1_311' title='bbox 1214 4209 1253 4264; x_wconf 82' lang='lat' dir='ltr'><strong>suf·</strong></span> 
     </span>
     <span class='ocr_line' id='line_1_39' title="bbox 114 4300 1253 4377; baseline -0.003 -24"><span class='ocrx_word' id='word_1_312' title='bbox 114 4303 177 4364; x_wconf 86' lang='lat' dir='ltr'><strong>ficit,</strong></span> <span class='ocrx_word' id='word_1_313' title='bbox 197 4320 249 4370; x_wconf 88' lang='lat' dir='ltr'><strong>qua</strong></span> <span class='ocrx_word' id='word_1_314' title='bbox 267 4306 343 4358; x_wconf 86' lang='lat' dir='ltr'><strong>homo</strong></span> <span class='ocrx_word' id='word_1_315' title='bbox 363 4313 480 4377; x_wconf 86' lang='lat' dir='ltr'><strong>promtus</strong></span> <span class='ocrx_word' id='word_1_316' title='bbox 499 4315 539 4362; x_wconf 85' lang='lat' dir='ltr'><strong>est</strong></span> <span class='ocrx_word' id='word_1_317' title='bbox 557 4309 674 4361; x_wconf 80' lang='lat' dir='ltr'><strong>conferre</strong></span> <span class='ocrx_word' id='word_1_318' title='bbox 693 4307 793 4363; x_wconf 88' lang='lat' dir='ltr'><strong>credita</strong></span> <span class='ocrx_word' id='word_1_319' title='bbox 810 4324 869 4361; x_wconf 85' lang='lat' dir='ltr'><strong>cum</strong></span> <span class='ocrx_word' id='word_1_320' title='bbox 888 4307 1007 4376; x_wconf 75' lang='lat' dir='ltr'><strong>creditis,</strong></span> <span class='ocrx_word' id='word_1_321' title='bbox 1026 4314 1051 4359; x_wconf 88' lang='lat' dir='ltr'><strong>et</strong></span> <span class='ocrx_word' id='word_1_322' title='bbox 1069 4308 1108 4365; x_wconf 82' lang='lat' dir='ltr'><strong>sic</strong></span> <span class='ocrx_word' id='word_1_323' title='bbox 1125 4300 1253 4364; x_wconf 82' lang='lat' dir='ltr'><strong>conuludstt</strong></span> 
     </span>
     <span class='ocr_line' id='line_1_40' title="bbox 114 4405 185 4446; baseline 0.028 -4"><span class='ocrx_word' id='word_1_324' title='bbox 114 4405 185 4446; x_wconf 73' lang='lat' dir='ltr'><strong>rora.</strong></span> 
     </span>
    </p>
   </div>
   <div class='ocr_carea' id='block_1_5' title="bbox 0 0 1408 4980">
    <p class='ocr_par' dir='ltr' id='par_1_6' title="bbox 0 0 1408 4980">
     <span class='ocr_line' id='line_1_41' title="bbox 0 0 1408 4980; baseline 0 0"><span class='ocrx_word' id='word_1_325' title='bbox 0 0 1408 4980; x_wconf 95' lang='lat' dir='ltr'><strong> </strong></span> 
     </span>
    </p>
   </div>
  </div>
 </body>
</html>
