2798 4980
678 316 722 383 98

116 528 191 575 cum
215 508 302 574 notis
317 506 415 571 invito
431 508 531 572 etiam
553 510 663 573 nescio
687 529 752 592 quo
775 507 879 575 fratre
895 509 1040 594 Doringo
1048 512 1073 592 ¹,
1095 510 1181 578 ierre
1194 532 1265 580 6666

115 620 170 679 166
187 620 247 679 est.
294 612 358 678 Sed
374 613 452 696 quid
475 613 622 696 pluribus
638 615 702 678 erit
725 610 835 697 opus?
879 614 938 681 1116
958 614 1049 681 idem
1065 616 1159 683 divus
1173 618 1265 686 Hiero

112 740 228 802 nymns
243 720 277 784 in
293 718 507 785 166661611666
523 738 583 783 sna
605 740 640 783 se
656 720 762 803 ipsum
785 740 913 786 errasse
929 714 1057 787 fatetur
1077 722 1112 787 in
1128 744 1264 789 commen

114 825 209 889 turiis
224 846 323 907 super
339 824 455 889 lsaiam
476 825 871 908 66611666116616661666ι
895 825 954 891 nbi
980 827 1030 891 sic
1051 827 1121 893 ait:
1152 829 1263 909 „Melius
1305 836 1307 897 ἐ

114 952 189 995 reor
219 931 385 1013 proprium
417 952 561 995 errorem
597 930 854 1013 reprehendere,
888 952 988 1014 quam
1017 932 1096 998 dnm
1131 934 1263 1001 erubesco

114 1037 311 1119 imperitiam
339 1035 482 1100 confiteri
512 1037 545 1100 in
569 1057 679 1100 errore
701 1037 878 1120 persistere
900 1037 936 1101 in
953 1057 993 1103 eo
1009 1038 1101 1121 quod
1117 1038 1263 1105 transtuli:

115 1142 158 1206 Et
178 1143 242 1207 erit
265 1149 355 1207 terra
371 1141 458 1206 luda
480 1145 625 1225 Aepppto
649 1142 682 1205 in
699 1142 938 1207 festivitatem“
989 1141 1125 1209 Possem
1144 1145 1262 1229 alioquin

114 1246 222 1330 plures
245 1248 391 1331 prolerre
416 1247 592 1312 versiculos
619 1256 652 1312 et
676 1248 763 1331 qnod
794 1246 965 1332 cujusdam
994 1249 1147 1315 vocabuli
1167 1247 1262 1334 signiti-
1305 1248 1307 1257 '

115 1358 223 1416 catum
255 1374 356 1436 usque
389 1353 483 1417 bodie
521 1374 556 1417 se
587 1354 738 1435 ignorare
768 1374 832 1418 non
858 1354 1064 1420 verecundie
1095 1354 1260 1421 duxeritin

115 1458 258 1523 Jeremia
281 1457 522 1542 66611666616δ
545 1468 579 1522 et
602 1459 689 1542 quod
712 1459 898 1543 apostolum
919 1460 1086 1526 notaverit
1099 1461 1259 1545 imperitum

115 1565 197 1629 artis
212 1565 444 1647 grammaticae
460 1566 492 1627 in
517 1562 657 1646 epistola
685 1564 728 1629 ad
754 1564 928 1630 Hedibiam
945 1566 970 1645 ⁴,
994 1566 1172 1650 quaestiono
1192 1570 1260 1631 6616
1303 1608 1307 1667 l

115 1671 294 1756 penultima
325 1682 357 1736 et
386 1670 473 1754 quod
505 1671 673 1754 scripserit
705 1670 855 1735 eumdem
878 1671 1063 1754 apostolum
1085 1672 1259 1756 psalmorum

116 1779 262 1844 versibus
278 1779 376 1843 aliter
399 1798 470 1841 6666
493 1798 596 1849 nsum,
624 1798 721 1860 qnam
751 1777 786 1840 in
815 1776 947 1842 hebraeo
970 1776 1156 1844 habeantur
1181 1783 1215 1843 ut
1236 1776 1260 1841 iu

115 1885 354 1951 commentariis
387 1883 455 1947 6616
482 1903 581 1965 super
605 1883 733 1947 Psalmo
750 1881 779 1961 ⁵3
803 1903 861 1947 cnr
891 1882 992 1965 igitur
1019 1883 1053 1947 in
1075 1883 1117 1949 iis
1147 1879 1259 1968 quand
1304 1938 1307 1999 ἵ

116 1990 353 2073 iuterpretarnli
377 1988 507 2051 modum
530 1996 700 2071 artemque
722 1989 968 2071 grammaticam
991 1993 1026 2053 61
1049 1988 1093 2053 ad
1115 1990 1260 2055 veritatem
1304 2018 1307 2105 p

117 2095 282 2161 idiomatis
307 2100 466 2177 spectant.
490 2115 541 2157 me
565 2115 694 2177 querque
709 2115 774 2158 non
789 2094 923 2159 deceret
936 2094 970 2158 in
985 2093 1092 2160 lucem
1107 2092 1263 2179 procrea
1304 2116 1307 2141 ²

118 2200 196 2285 quid
225 2222 297 2265 6661
329 2199 522 2263 doctissimis
546 2199 759 2264 Hebraeorum
789 2200 942 2264 sentirem
974 2201 1099 2285 quippe
1127 2200 1169 2265 ad
1199 2216 1260 2283 quos
1305 2204 1307 2285 J

118 2306 217 2370 etiam
241 2305 354 2370 eodem
383 2305 578 2387 llieroupmo
609 2312 703 2383 teste,
732 2303 981 2388 confugiendum
1012 2313 1070 2371 661·
1092 2302 1260 2391 qnotissiu

117 2416 226 2475 vetere
263 2418 461 2476 testamento
496 2412 716 2475 controversia
751 2417 907 2476 moretm.
958 2411 1162 2497 Quamquam
1196 2409 1260 2476 6616
1304 2420 1307 2473 ζ

116 2516 345 2600 Hieronymum
369 2524 518 2582 66661661
542 2537 675 2581 veneror
700 2524 736 2582 nt
764 2516 913 2600 angelum
938 2523 972 2582 61
993 2516 1115 2601 Lyram
1146 2516 1261 2584 661661

116 2622 316 2705 urragistrnm,
340 2628 448 2687 tamen
471 2621 573 2687 adoro
596 2623 767 2688 veritatem
789 2630 827 2687 61
849 2622 955 2687 deum.

206 2730 252 2793 Ac
276 2750 334 2793 nos
357 2728 452 2811 phane
476 2749 539 2793 uon
565 2750 666 2812 nsque
690 2749 818 2812 quaque
840 2727 931 2792 illum
956 2733 1106 2794 nostrum
1129 2724 1261 2793 dictione

116 2835 199 2901 rinm
228 2834 271 2901 ab
295 2834 381 2899 66161
405 2834 595 2917 exceptione
620 2833 821 2899 defendimus
844 2833 994 2899 alienum.
1040 2833 1183 2899 Primum
1203 2827 1271 2915 quis,
1305 2830 1307 2887 ἱ

593 2930 600 2945 b

601 2950 606 2959 ι

114 2962 178 3007 666
201 2941 326 3025 singula
350 2940 576 3022 complectitur
598 2961 717 3024 tneque
741 2940 827 3005 enim
849 2959 984 3005 numero
1006 2936 1260 3023 comprehendere

115 3048 229 3131 refert)
254 3069 312 3112 nee
336 3054 387 3112 est
409 3046 511 3111 ullum
534 3047 566 3109 in
590 3045 676 3110 omui
699 3046 863 3111 hominnm
886 3051 967 3124 vita,
996 3044 1201 3129 quantumvis
1218 3042 1261 3106 im·

116 3174 235 3219 urerrsse
265 3151 494 3236 magnitudinis
524 3149 766 3215 vocabularium
799 3150 920 3216 factum
950 3156 1008 3215 ant
1034 3148 1163 3228 fictum,
1194 3140 1260 3231 quod

118 3280 228 3325 661666
251 3260 407 3342 cujusquo
430 3258 545 3340 linguae
569 3256 727 3321 dictiones
749 3257 1035 3340 complecteretur,
1059 3255 1176 3321 deindo
1203 3248 1261 3337 quit

119 3364 153 3428 iu
176 3362 375 3449 exponendis
398 3362 562 3428 vocabulis
592 3362 707 3428 crebro
732 3363 850 3442 variat,
879 3362 1011 3426 tametsi
1032 3360 1096 3426 hoc
1118 3355 1260 3440 mutuat

694 3525 711 3561 aa

192 3643 202 3688 1
226 3640 278 3690 Der
302 3638 482 3689 1666616116666
505 3638 629 3689 Matthias
655 3638 788 3704 beringh,
815 3637 928 3688 welcber
950 3637 1065 3704 Replioae
1089 3654 1174 3706 gegen
1198 3629 1260 3686 Prole

118 3726 275 3779 additiones
293 3726 406 3789 selrrieb‚
426 3726 479 3794 vgl.
500 3728 603 3777 Rensclr
623 3728 658 3776 im
675 3728 778 3776 Bonner
797 3726 912 3791 :lreolog
931 3726 1000 3777 litbl.
1022 3730 1085 3777 1871
1109 3744 1131 3778 s.
1150 3724 1260 3778 65411.

116 3822 130 3867 2
152 3818 328 3883 llierouymus
352 3816 420 3883 Opp.
440 3816 480 3866 ed.
507 3816 628 3866 Erasmus
646 3814 769 3877 (Bssileae
790 3817 868 3880 1516)
891 3816 965 3865 ’1666
985 3815 1007 3864 V
1025 3814 1072 3866 161.
1093 3817 1137 3867 30.
1206 3809 1262 3863 am

114 3907 141 3956 in
160 3907 206 3958 der
224 3922 275 3958 von
296 3907 419 3955 Erasmus
439 3904 688 3969 heransgegebenen
712 3903 856 3968 erklarung
874 3901 942 3969 Opp.
963 3903 993 3965 V,
1011 3902 1056 3953 iol.
1079 3905 1129 3954 129
1147 3904 1184 3969 fg.
1205 3899 1263 3951 niobl

117 3994 162 4044 der
180 3995 236 4045 fall.
303 3994 408 4043 natae
427 3993 511 4058 fruge:
534 3992 606 4042 llier.
627 3990 692 4058 Opp.
713 3991 752 4040 ed.
773 3991 897 4041 Erasmus
918 3989 1025 4052 tarot
1046 3992 1089 4041 68.
1156 3986 1264 4041 bl'sslu

116 4081 199 4149 XIIl.]
219 4083 340 4134 Gemeint
359 4082 417 4134 siud
436 4081 479 4132 die
499 4087 578 4130 uerte
596 4079 642 4130 des
660 4081 839 4145 Hieronymus
857 4078 937 4145 (Opp.
957 4078 997 4129 ed.
1014 4078 1141 4130 Erasmus
1154 4077 1206 4129 rol.
1217 4069 1266 4127 vlu

117 4167 161 4218 161.
183 4171 232 4235 81.)
252 4172 292 4222 Ab
312 4172 363 4220 hoc
382 4185 459 4220 versu
478 4184 559 4233 usqne
579 4168 611 4219 ad
631 4205 655 4218 ..
675 4183 780 4217 versum
806 4168 833 4216 in
858 4166 971 4217 hebraeis
995 4166 1133 4219 codicibus
1158 4182 1209 4219 non
1231 4163 1266 4214 bo·

117 4252 202 4304 betur.
240 4257 368 4318 Quaeritur
388 4273 449 4323 ergo
472 4256 602 4321 qrromodn
627 4256 769 4322 Apostolus
794 4255 844 4305 hoc
868 4270 931 4305 usus
955 4255 990 4304 sit
1012 4256 1164 4307 testimonio
1182 4255 1209 4305 in
1225 4251 1267 4320 epi·

119 4344 188 4392 stola
220 4359 298 4407 quam
326 4345 358 4392 ad
384 4347 513 4395 Romanoa
543 4347 655 4410 scripsit.
697 4343 895 4410 Respondemus
919 4343 1074 4410 Apostolum
1099 4344 1133 4396 de
1157 4345 1270 4396 uertere

118 4431 206 4480 nomio
225 4437 250 4479 et
269 4431 371 4479 catoris
389 4432 576 4497 scripturarum
595 4432 662 4484 locis
681 4431 731 4485 hoc
748 4433 929 4483 testimonium
947 4432 1073 4485 texuisse.
