2798 4980
654 330 721 397 190

113 520 232 605 opinio,
254 527 291 586 ut
314 519 558 606 gratificaturus
579 520 660 586 mibi
681 520 727 586 sie
756 520 792 586 in
822 515 972 584 omnibus
1001 535 1075 601 quse
1101 514 1184 582 iactu
1204 512 1246 580 tibi

113 626 234 691 11111111
264 634 435 711 oportuna.
487 626 552 692 Sed
580 634 615 691 11
644 626 748 692 literis
776 625 844 691 tuis
870 622 1059 689 admonitus
1091 611 1249 690 sententian

113 732 246 810 mutavi,
268 752 329 797 nec
351 732 492 816 mplius
514 732 548 796 iu
570 733 673 797 reteri
693 736 892 798 testamento
907 729 1008 794 aliam
1022 748 1122 814 quam
1139 725 1251 793 11111111

112 835 256 921 linguam
286 838 320 902 iu
349 860 416 922 qna
442 839 548 922 primo
575 838 718 903 omnium
747 843 798 902 est
820 835 960 914 editum,
991 839 1161 918 tantopere
1183 831 1252 898 affec·

115 942 204 1025 tabo
235 942 396 1009 Ceterum
410 946 533 1026 gratias
544 942 606 1008 tibi
620 942 727 1008 babeo
743 940 784 1007 de
801 941 906 1007 literis
918 940 1070 1006 1111111111
1085 937 1163 1004 mibi
1175 937 1254 1003 missis
1309 1004 1311 1013 ,

116 1047 235 1132 quibus
250 1056 284 1113 et
298 1047 362 1113 tibi
381 1055 414 1113 et
428 1048 625 1116 adversariis
644 1048 711 1112 tuis
726 1047 890 1112 silentium
903 1045 1071 1126 indicitur,
1086 1066 1159 1111 nam
1172 1042 1255 1133 volup

116 1154 179 1218 tati
193 1153 272 1218 mibi
288 1153 380 1219 suere
399 1156 624 1238 permaximae,
636 1151 829 1238 jamdudum
848 1153 934 1217 euim
950 1150 1117 1236 optabam,
1132 1148 1255 1216 obsceno

117 1258 306 1324 aemulorum
330 1267 459 1324 tuorum
482 1281 542 1325 ora
556 1259 674 1339 claudi,
696 1264 857 1343 quatenus
872 1257 984 1342 quiete
999 1261 1035 1323 et
1056 1253 1255 1345 literariootio

117 1362 252 1429 liberius
278 1363 408 1429 1111111
454 1365 535 1430 Vale
563 1365 655 1431 bene.
701 1361 796 1428 Abba
824 1383 917 1428 meus
946 1360 1109 1427 emeritus
1130 1367 1163 1426 te
1183 1357 1257 1445 pluri·

117 1488 206 1533 mum
227 1468 337 1534 valere
359 1476 463 1554 optat,
485 1476 519 1535 et
541 1478 579 1535 ut
601 1468 777 1554 aliqnando
798 1467 843 1533 ad
857 1489 917 1534 nos
932 1466 1098 1533 concedas
1112 1464 1258 1552 plurimun

117 1572 245 1640 inritat.
289 1574 339 1639 Ex
362 1573 562 1659 Ottenbyrra
587 1581 627 1640 13
651 1575 704 1641 die
728 1573 864 1658 Augusti
889 1577 986 1639 1513.

207 1682 281 1742 nlse
296 1683 450 1758 Elleubog.
467 1684 518 1745 lib.
534 1684 562 1743 11
577 1686 662 1758 epist
678 1688 731 1744 47.
747 1681 796 1744 fol
815 1685 889 1743 133.

641 1835 764 1902 cmv.
1199 1914 1203 1924 ,

190 1926 329 1991 Stultgart.
1030 1927 1064 1974 lt
1082 1923 1152 1988 Aug.
1171 1922 1234 1975 llll.

119 2011 284 2088 Joannes
314 2012 499 2088 Rcuchlin
528 2039 578 2086 an
611 2012 684 2086 den
716 2009 961 2086 Churflnsten
993 1994 1185 2088 Friedrich
1207 2033 1265 2082 von

233 2193 243 2207 .
623 2136 787 2210 Sacbsen

121 2257 308 2323 iiberreicht
330 2258 418 2322 seine
433 2257 649 2342 iibersetzung
662 2257 722 2323 des
736 2256 849 2324 lebena
864 2257 1059 2324 Constantin
1075 2256 1133 2324 des
1147 2260 1268 2343 grossen

122 2362 184 2426 mit
212 2363 315 2426 eiuem
350 2362 427 2427 sehr
454 2362 587 2446 langen,
620 2361 894 2453 veitacbveifigen
928 2359 1267 2450 vvidmungsbrieie,in

121 2464 195 2531 dem
224 2488 277 2546 er,
304 2473 399 2532 nuter
429 2468 612 2551 anffihruug
634 2467 797 2534 schveren
820 2467 988 2552 gelehrten
1009 2467 1195 2549 materials,
1222 2464 1269 2531 den

122 2570 260 2637 versucb
278 2572 398 2650 macht,
421 2573 573 2652 Saebsen,
595 2574 779 2658 Tbiiringen
797 2573 864 2639 und
880 2574 1041 2640 Meissner
1054 2575 1116 2640 mit
1132 2576 1269 2650 Axonem,

122 2676 254 2759 Mysern
282 2675 348 2741 und
370 2677 542 2761 Tyrigeten
570 2701 609 2744 zu
637 2678 864 2745 identificiren.
911 2679 958 2744 Er
979 2679 1085 2765 preist
1108 2678 1171 2746 den
1192 2679 1269 2761 regen

122 2781 194 2847 siun
220 2781 279 2847 des
302 2781 509 2848 churfiirsten
531 2783 585 2849 fer
615 2784 667 2850 die
689 2784 961 2864 wissenschaften,
985 2785 1038 2850 die
1062 2806 1126 2852 von
1150 2784 1213 2850 ihm
1231 2801 1270 2865 ge

121 2886 281 2970 gvliudete
309 2887 500 2952 universitiit
531 2887 597 2953 und
626 2888 823 2954 bibliotbelr:
860 2890 944 2956 Hinc
975 2890 1034 2955 illa
1065 2897 1127 2956 tua
1157 2886 1272 2956 illustris

123 2998 312 3058 cunctarum
336 2991 580 3077 disciplinarum
603 3000 638 3059 et
660 2995 835 3078 omnigenae
859 2995 1072 3081 pbilosopbiae
1088 2994 1272 3071 universitas,

124 3115 222 3180 quam
250 3116 272 3161 a
293 3097 406 3181 primis
434 3096 653 3164 fundamentis
681 3099 850 3182 magnifice
878 3101 1053 3184 plantasti,
1083 3122 1181 3186 quam
1216 3098 1274 3164 doo-

124 3201 258 3267 tissimis
288 3203 365 3267 viris
399 3224 458 3267 ceu
498 3224 650 3269 coronam
690 3204 888 3288 fulgentibus
929 3206 1065 3290 gemmis
1116 3200 1275 3280 adamasti,

125 3326 222 3390 qnam
245 3328 373 3372 annona
395 3308 604 3391 proventibus
627 3315 661 3374 et
682 3311 852 3394 stipendiis
874 3310 1003 3378 abunde
1039 3311 1166 3379 ditasti
1208 3309 1275 3376 Hinc

126 3409 184 3474 illa
213 3411 344 3494 insignis
371 3412 576 3493 bibliotheca,
604 3421 637 3480 te
665 3416 843 3482 architecto
870 3437 931 3500 per
962 3415 1123 3484 artificum
1157 3412 1277 3502 exquisi-

126 3515 324 3581 tissimorum
351 3539 461 3582 curam
491 3519 685 3585 industriam
717 3520 916 3605 diligentiam
947 3528 981 3587 et
1003 3522 1169 3606 ingenium
1191 3538 1277 3604 nuper

127 3639 168 3684 cx
188 3619 308 3686 intimis
340 3623 425 3687 areis
447 3622 491 3688 ad
513 3625 678 3709 fastigium
705 3626 833 3706 educta,
863 3647 935 3711 quae
958 3627 1003 3693 sit
1024 3628 1169 3695 omnium
1190 3623 1277 3694 omnis

125 3724 237 3792 lbrmae
259 3748 298 3792 ac
321 3727 511 3794 conditionis
533 3729 690 3796 librorum
712 3730 838 3798 illustre
862 3732 1098 3814 diversorium,
1119 3754 1185 3819 quo
1207 3718 1286 3814 cogis*

125 3831 287 3918 hospitari
308 3833 480 3917 peregrina
499 3835 602 3900 omnis
628 3835 734 3900 utatis
750 3843 783 3902 et
798 3837 939 3903 omnium
955 3845 1109 3930 autorum
1122 3837 1280 3905 volumina

126 3941 188 4006 Am
211 3939 336 4006 schluss
367 3938 469 4004 beisst
492 3960 542 4005 es:
573 3937 643 4017 Quo
673 3940 843 4008 ardentius
864 3943 909 4008 ad
931 3948 965 4008 te
989 3943 1200 4030 Saxonesque
1220 3949 1281 4009 tuos

126 4045 284 4130 coniugio,
306 4065 367 4109 ceu
389 4042 432 4109 ad
454 4044 607 4112 Phaeacas
630 4052 664 4110 et
685 4045 856 4113 Alcinoum
878 4047 1020 4133 Ulysses,
1043 4055 1082 4116 ut
1103 4071 1158 4116 me
1182 4052 1291 4147 conus.

127 4149 346 4233 quorumlibet
378 4149 542 4216 latronum
573 4151 721 4218 incursus
756 4173 885 4237 semper
914 4155 1047 4222 tuearis
1106 4155 1176 4242 Ego
1212 4152 1289 4223 enin

129 4272 202 4320 cnm
223 4254 353 4320 Nasone
372 4255 383 4293 ¹
406 4276 485 4321 vera
506 4255 622 4340 loquor

702 4351 722 4390 st

141 4388 144 4394 ¹
201 4430 806 4502 11111,1111111.11111.1,1111.
1300 4424 1311 4469 l
