2798 4980
655 303 721 370 112

112 494 227 581 eoepit,
248 493 403 580 perficiat
443 493 521 560 Vale
535 492 635 560 foelix.
653 495 756 579 Optat
769 497 804 560 te
823 494 834 532 ¹
857 490 949 559 abba
964 495 1081 559 nester
1093 491 1128 557 iu
1143 489 1255 558 Domine

112 621 239 685 semper
261 600 342 666 bene
365 600 482 665 valere.
528 600 578 664 Ex
601 599 808 684 Ottenpurra
831 603 850 664 3
876 618 953 666 non.
977 597 1189 693 lunii-1509.

199 710 269 769 hlse.
286 709 436 783 Elleubeg.
452 709 501 768 lib.
519 707 533 766 Ι
550 711 635 783 epist,
654 711 696 767 72
713 705 763 768 iel.
783 704 846 768 orb
862 724 906 781 sq,

629 908 742 975 CVIII.

183 997 339 1049 nonnum.
1050 994 1233 1048 susanne.

368 1083 549 1186 Georgius
569 1084 717 1161 Similer
736 1083 750 1123 ³
768 1110 819 1157 an
835 1083 1026 1159 Reuehlin

114 1254 301 1327 ermuutert,
324 1253 419 1313 unter
440 1248 544 1314 rieleu
560 1247 788 1333 lobspriiehen,
812 1246 986 1328 Reuehlin,
1010 1245 1080 1313 sieh
1096 1267 1155 1313 ren
1169 1265 1258 1311 neuen

115 1353 221 1418 seiner
232 1353 561 1419 wissensehsitliehen
574 1353 824 1438 besehiiltigung
835 1350 1051 1437 hinzugebeu.
1068 1352 1143 1418 Dat.
1155 1350 1259 1416 Pheres

119 1461 158 1521 12
183 1455 253 1521 Kal.
276 1455 339 1522 Jul.
363 1478 394 1522 a.
419 1462 515 1523 1509.

205 1563 1259 1644 Gedmekt21=une34⁸32=J.r.e.12·;3=0.ne.

117 1670 145 1730 11
162 1670 210 1731 iel.
229 1665 289 1731 51b
304 1670 343 1745 lg.

658 1847 740 1914 CIX.

189 1950 274 2002 llssel.
1058 1956 1091 2003 17
1104 1949 1166 2021 «luni
1180 1949 1239 2000 rtet.

119 2054 282 2129 «insumas
318 2052 612 2131 Amorbaeehius
647 2058 845 2157 impressor
880 2054 1117 2152 Basiliensis,
1153 2045 1266 2130 Jeanui

259 2176 440 2251 Renehlin
458 2179 673 2275 Phereensi,
702 2180 779 2254 LL.
800 2179 953 2255 Doetori
972 2179 1012 2256 S.
1032 2179 1080 2253 D.
1100 2179 1142 2255 P.

210 2339 344 2423 Egregie
376 2338 500 2420 docter,
530 2341 579 2407 rir
614 2342 855 2409 humanissime.
906 2341 943 2407 In
977 2338 1217 2408 commentariis
1242 2332 1264 2399 S·

120 2444 305 2529 Hieronymi
337 2466 433 2529 super
464 2446 642 2531 prophetas
674 2456 751 2513 suut
784 2448 930 2532 plurima
970 2444 1133 2514 voeabula
1174 2458 1268 2530 pascu

122 2550 291 2618 ediversis
306 2550 558 2617 translatoribus
574 2574 614 2617 ex
637 2552 780 2619 hebraeo
805 2554 893 2618 varie
916 2554 1150 2637 interpretata,
1172 2557 1204 2617 et
1221 2546 1268 2612 fer·

121 2665 210 2725 tasse
239 2656 318 2722 illud
348 2678 387 2722 ox
409 2656 470 2722 hoe
506 2657 639 2737 aeeidit,
672 2660 750 2743 quia
778 2658 931 2724 viderunt
960 2680 1063 2724 unam
1086 2658 1214 2723 literam
1230 2650 1269 2717 he

122 2764 254 2832 braeam
278 2784 336 2849 pre
359 2763 432 2828 alia
464 2761 636 2828 Vocabulis
659 2772 770 2830 antem
793 2765 920 2848 graecis
937 2765 1074 2849 quaein
1092 2755 1269 2829 dictionalis

122 2871 247 2955 graecis
275 2869 362 2954 apud
391 2889 450 2934 nes
480 2867 694 2934 existentibus
727 2891 791 2936 neu
819 2870 965 2948 invenio,
995 2868 1097 2934 fidem
1129 2869 1205 2933 dare
1224 2879 1270 2928 uon

125 3083 259 3166 scripta,
287 3079 373 3166 quod
402 3078 515 3144 literas
548 3079 677 3163 quaudo
707 3101 771 3145 nou
803 3101 973 3163 cognosce.
1020 3079 1226 3165 Quapropter
1243 3090 1271 3138 es

123 3186 282 3255 voeabula
305 3206 421 3269 graeca
446 3204 528 3269 quae
553 3205 616 3250 nou
639 3185 784 3269 intellige
807 3186 842 3251 iu
865 3185 1139 3270 quaternionibus
1162 3180 1273 3269 quibus·

126 3294 201 3360 dam
217 3291 356 3376 depinxi,
380 3291 514 3357 eomodo
530 3312 594 3375 quo
609 3292 700 3375 potui
716 3313 756 3356 ex
771 3291 914 3374 antiquis
938 3290 1033 3356 libris
1058 3296 1093 3356 et
1116 3291 1164 3357 eis
1179 3288 1272 3354 breues

125 3397 303 3467 sententias
319 3417 359 3461 ex
375 3396 612 3462 commentariis
627 3397 790 3481 praemisi,
806 3395 946 3480 dedique
963 3417 1004 3461 ea
1020 3397 1133 3463 emnia
1144 3392 1274 3478 religioso

126 3505 197 3572 viro
227 3501 375 3568 Conrado
407 3501 598 3583 Leontorio,
627 3502 687 3568 tibi
714 3509 753 3567 ut
781 3502 861 3567 dieit
886 3500 1075 3583 notissimo,
1110 3502 1154 3568 ad
1181 3506 1212 3566 te
1236 3494 1275 3560 le

127 3608 270 3689 ferenda,
294 3607 349 3694 qui
373 3607 505 3674 etmihi
528 3608 698 3673 affirmarit
720 3629 790 3673 rem
814 3629 920 3674 meam
944 3607 1034 3692 apud
1057 3613 1092 3674 te
1107 3618 1276 3692 promovere

129 3724 163 3788 et
185 3717 315 3796 instare,
334 3698 375 3780 'ut
398 3735 528 3799 operam
551 3714 609 3781 des
624 3714 753 3780 illorum
770 3713 990 3780 emendationi
1007 3719 1047 3778 et
1062 3708 1249 3782 eorreetieni
1260 3702 1278 3767 ³·

702 3870 719 3909 3

130 3968 221 4020 darum
233 3965 322 4018 bittet:
343 3957 561 4026 chronographia
575 3968 617 4009 tua
637 3975 669 4011 ue
689 3976 730 4010 me
747 3960 852 4012 frsurles
874 3975 976 4027 preeer.
1001 3956 1282 4012 Bemerlrenswerthisl

131 4056 173 4108 die
186 4056 256 4106 notia
269 4055 296 4103 in
309 4065 428 4102 anserem
441 4046 523 4098 brisso
535 4062 626 4113 wegen
639 4047 784 4099 Reueblius
797 4050 924 4099 iuteresse
938 4049 980 4097 hir
991 4048 1159 4114 geschichte.

205 4146 216 4191 l
238 4157 267 4192 se
287 4155 363 4191 mser.
418 4141 432 4187 2
455 4135 549 4188 Simler
565 4128 595 4186 s.'
609 4153 633 4186 o.
653 4152 708 4186 nro.
727 4134 902 4188 Lxxxxlm
956 4139 971 4186 3
993 4137 1045 4186 Die
1069 4136 1125 4187 ihm
1146 4135 1204 4186 hier
1219 4133 1284 4184 uben

131 4236 240 4296 tregeue
256 4226 340 4278 arbeit
356 4227 402 4276 hat
419 4224 548 4276 Reuehliu
568 4240 637 4274 awar
652 4223 851 4287 ilbernerumen,
870 4224 945 4286 eber,
966 4224 1016 4274 wie
1037 4241 1066 4276 es
1085 4224 1205 4286 subsint,
1223 4217 1287 4272 nieht

133 4333 179 4368 mu
191 4315 277 4366 vollen
291 4313 481 4364 sufrierlenheit
494 4312 654 4379 ausgeliihrt.
681 4315 777 4363 Beatus
790 4312 931 4363 Rhenanus
949 4311 1068 4363 schreibt
1084 4328 1118 4361 an
1131 4311 1222 4362 kaiser
1232 4301 1290 4361 nul

137 4410 150 4457 1
163 4403 229 4456 Jnni
244 4405 322 4454 1540:
341 4399 444 4452 Pridem
463 4401 531 4452 euim
541 4400 659 4452 loannes
673 4400 894 4466 Amerbaeehius,
915 4399 1047 4453 absolutis
1061 4399 1196 4452 Ambrosii
1208 4397 1290 4465 Augu·
