2798 4980
76 98 212 183 ,mihi
236 97 459 170 amantissimo
482 96 531 161 tui
553 117 617 161 non
640 96 739 162 etiam
762 96 823 161 hac
847 95 916 162 sola
939 96 1007 162 vioe
1054 98 1167 178 cedas,
1198 99 1254 163 ita·
1270 106 1307 164 ut

76 204 275 315 &apetiam
299 203 425 267 unicam
449 201 532 267 hano
552 201 640 284 apud
663 207 695 267 te
718 203 878 272 inveniam
903 223 974 286 quae
997 209 1086 269 oerte
1114 206 1251 288 posthac
1273 207 1307 279 in

76 308 402 399 ss-ccnsequentiam
425 307 513 372 trahi
535 329 640 391 neque
663 308 908 391 debentneque
931 308 1044 391 possit.
1088 308 1173 387 Quid
1196 317 1307 376 autem

76 396 105 471 '3¹³
130 415 263 480 tristius
280 435 376 496 quam
401 413 540 477 ocultari
563 412 672 478 lumen
695 412 894 478 submodio:
920 418 953 478 et
968 413 1159 479 Eunuchum
1176 415 1332 481 Aethio.

76 532 105 601 :*··
127 540 207 603 pem
238 519 362 602 absque
402 518 549 600 Philippo
583 519 699 583 librum
736 519 839 602 Esajae
877 520 972 602 quasi
1006 520 1147 584 vinctum
1184 526 1303 586 tenere.

127 624 220 702 Quid
240 624 412 706 >lugubrius
437 646 533 708 quam
558 625 738 706 sapientem
762 623 929 688 Danielem
953 630 1085 708 captum
1109 647 1129 690 a
1152 625 1305 690 Barbarie

76 730 103 819 ἢ]
128 730 234 796 etiam
261 731 290 793 ei
315 731 459 794 Barbare
483 730 603 794 servire
621 730 802 812 oportuisse
819 729 922 813 quiin
939 752 1061 795 morem
1078 729 1167 794 bovis
1185 730 1305 795 foenum

76 850 89 861 ·
122 836 322 903 :comederet
341 837 359 900 ¹.
394 835 632 900 benivolentior
656 857 726 900 sum
743 835 922 918 Apelliconi
946 837 1022 920 Tejo
1048 838 1138 919 cujus
1164 835 1304 900 Strabon

76 940 92 1005 “.
127 943 282 1007 meminit
314 941 368 1023 qui
398 962 469 1004 cum
504 940 628 1004 videret
663 941 844 1004 universam
876 942 1099 1024 Theophrasti,
1124 923 1304 1006 hristoteli·
1335 915 1361 979 Ψ

76 1024 87 1039 ”
122 1068 272 1130 ,eamque
296 1038 529 1110 Bibliotliocam
555 1045 597 1110 ad
620 1046 764 1110 homines
792 1045 888 1129 plane
911 1048 1079 1130 imperitos
1103 1048 1177 1130 jure
1205 1045 1305 1130 legati

129 1152 321 1218 desolutam
345 1172 458 1232 magno
486 1153 555 1233 ipse
579 1151 640 1215 sibi
658 1173 728 1215 eam
753 1158 786 1216 et
809 1160 928 1216 conatu
953 1159 986 1218 et
1009 1161 1142 1234 argento
1166 1153 1204 1216 inv
1223 1153 1303 1216 urbe

76 1272 83 1331 .'
124 1257 245 1341 Scepsi
280 1256 609 1339 comparavittquae
640 1279 693 1320 res
724 1256 817 1321 nobis
849 1257 1090 1341 majoribusque
1121 1259 1241 1323 nostris
1270 1259 1302 1322 in

128 1384 205 1428 non*
222 1362 420 1426 mediocrem
444 1361 542 1426 cessit
565 1362 837 1426 commoditatem.
882 1363 957 1427 inde
982 1364 1066 1427 enim
1090 1363 1208 1427 artium
1226 1363 1302 1426 diri·

126 1469 188 1534 tiae
213 1467 425 1551 thesaurique
453 1467 664 1550 philosophiae
697 1467 739 1531 ad
768 1489 826 1532 nos
855 1489 956 1552 usque
987 1468 1152 1532 devenere.
1198 1469 1304 1551 potuit

123 1573 304 1656 ‚Apellicon
331 1594 488 1655 usurpare
505 1573 710 1656 proverbium
735 1573 961 1656 gallo'Jaspis:
987 1573 1165 1656 Margarita
1187 1574 1302 1657 porcis.

129 1679 260 1745 Deinde
284 1678 317 1741 id
347 1678 419 1742 vide
450 1679 536 1761 quod
560 1678 726 1742 Revelatio
757 1700 780 1742 s.
811 1678 944 1743 Joannis
975 1679 1126 1744 continet.
1173 1700 1247 1744 nam
1276 1680 1303 1744 is

121 1785 186 1849 cui
211 1790 307 1847 erant
330 1791 453 1867 septem
478 1805 599 1848 cornua
622 1784 709 1847 veuit
739 1790 773 1847 et
795 1784 922 1867 aceepit
945 1783 984 1848 de
1016 1784 1132 1849 dextra
1160 1785 1302 1850 sedentis
1338 1764 1341 1817 ³

127 1890 165 1953 in
182 1890 312 1953 Throno
330 1890 447 1954 librum
465 1888 493 1953 ³‚.
514 1911 577 1953 non
602 1890 686 1953 enim
702 1890 735 1953 in
750 1911 848 1954 manu
864 1889 971 1954 divina
987 1912 1046 1954 nec
1060 1891 1147 1973 apud
1164 1897 1303 1974 quatuor
1339 1887 1340 1890 '

93 2004 99 2009 '
127 2001 166 2060 et
188 1995 302 2078 viginti
324 1996 468 2060 seniores
491 1994 574 2058 liber
597 1996 666 2077 ipse
690 1994 824 2059 archani
847 1996 1004 2061 sermonis
1029 2019 1220 2079 permanere
1250 1996 1303 2060 de-

125 2100 204 2165 buit
228 2100 286 2164 sed
311 2107 344 2164 et
366 2094 510 2182 suscepit
534 2101 589 2183 qui
621 2100 735 2183 dignus
760 2108 832 2164 erat
863 2107 895 2164 et
919 2103 1048 2184 aperuit
1076 2105 1131 2186 qui
1155 2107 1301 2166 noverat:

118 2227 195 2271 ⁴non
220 2207 329 2270 hircus
354 2206 472 2289 aliquis
496 2206 552 2270 sed
577 2227 688 2289 agnus,

222 2312 353 2376 Haecin
377 2318 454 2395 typo
479 2312 600 2394 scripta
624 2333 729 2376 causae
752 2318 872 2377 nostrae
895 2334 958 2376 non
981 2334 1096 2395 parum
1119 2313 1299 2378 conducere

124 2405 289 2482 violentur.
335 2439 409 2481 narn
432 2438 512 2500 pace
537 2422 595 2480 tua
612 2416 760 2481 dixerim:
793 2417 940 2500 profecto
958 2418 1013 2500 qui
1029 2418 1226 2501 ejuscemodi
1243 2417 1301 2481 lib·

124 2525 173 2588 ris
199 2544 300 2587 annos
330 2524 412 2587 citra
443 2523 677 2606 quinquaginta
707 2525 890 2605 praeteritos
922 2544 1064 2608 unquam
1094 2544 1171 2587 usus
1201 2522 1300 2586 fuerit

125 2636 182 2694 est
199 2629 259 2692 nisi
277 2650 335 2709 ego
350 2630 419 2710 ipse
435 2629 517 2692 alius
533 2649 638 2706 nemo,
659 2629 706 2692 ita
723 2636 759 2698 ut
775 2628 926 2693 dedecori
943 2627 1136 2711 quandoque
1152 2648 1172 2690 a
1187 2627 1301 2710 pleris-

124 2756 193 2818 que
211 2734 313 2797 h'ahiti
337 2734 409 2798 sint.
449 2734 530 2798 cur?
555 2734 706 2817 quoniam
722 2755 793 2817 quae
809 2734 952 2801 inessent
966 2733 1161 2816 ignorabant
1177 2754 1299 2797 omnes,

123 2839 199 2904 Nec
222 2840 327 2902 adhue
350 2840 424 2904 istie
448 2838 536 2922 apud
559 2861 614 2904 ros
646 2845 736 2903 extat
766 2840 820 2923 qui
852 2839 901 2903 vel
930 2861 1123 2922 cognoscere
1154 2844 1300 2922 cuperet.

124 2947 261 3027 ltaque,
292 2950 328 3008 ut
354 2945 440 3026 leges
469 2945 617 3008 humanae
640 2945 822 3028 perhibent,
851 2945 1084 3009 extrahendum
1110 2950 1160 3009 est
1184 2966 1298 3009 aurum

123 3071 148 3114 a
174 3049 331 3113 Barbaria
356 3057 389 3113 et
411 3051 555 3132 praecisis
579 3050 758 3131 unguiculis
782 3049 920 3114 Hebraeo
945 3050 1063 3114 ducere
1088 3071 1221 3114 uxorem
1237 3050 1298 3113 Pa-

121 3156 291 3220 laestinam
307 3154 480 3238 aliqnando
498 3156 597 3220 licuit.
621 3155 793 3220 Molestum
815 3156 950 3219 forsitan
968 3162 1018 3220 est
1042 3162 1106 3220 tuae
1120 3155 1298 3238 dignationi

124 3282 182 3326 rne
200 3259 348 3342 pluribus
365 3261 471 3325 verbis
488 3282 584 3344 agore
601 3268 717 3326 tecum.
755 3261 863 3326 Solum
881 3283 936 3326 eas
957 3283 1081 3344 precor,
1099 3262 1196 3325 etiam
1213 3260 1299 3340 leges

121 3367 358 3449 contempleris
383 3389 464 3450 quas
488 3367 521 3430 in
546 3367 628 3431 libro
652 3368 756 3451 primo
780 3367 819 3431 de
845 3367 973 3448 Legatis
991 3388 1075 3450 saepe
1103 3367 1208 3448 legisti
1224 3387 1297 3428 narn

121 3496 166 3538 eo
194 3472 264 3536 loco
290 3473 379 3556 cujus
404 3479 503 3555 caput
528 3476 631 3552 extat3
662 3471 747 3536 filius
772 3472 910 3537 familias
941 3472 1042 3535 miles.
1082 3470 1191 3534 Verba
1220 3469 1298 3551 logis
1325 3467 1346 3514 ³

119 3581 199 3645 liaec
223 3586 311 3642 sunt:
338 3577 370 3641 si
393 3579 471 3661 quid
495 3579 590 3642 alicui
614 3579 702 3642 licite
726 3579 824 3642 fuerit
846 3578 995 3641 relictum
1021 3576 1106 3659 quod
1130 3575 1199 3658 ipse
1230 3575 1300 3658 qui·

117 3687 202 3751 dem
227 3689 362 3767 propter
384 3684 528 3767 corporis
553 3684 603 3748 sui
626 3685 738 3748 vitium
762 3684 811 3748 vel
835 3688 969 3765 proptor
986 3681 1178 3765 qualitatem
1195 3682 1299 3746 relicti

114 3791 174 3858 vel
209 3789 308 3852 aliam
340 3810 566 3872 quamcunque
596 3789 799 3873 probabilem
829 3809 959 3852 causam
990 3787 1051 3851 hoc
1082 3788 1202 3851 habere
1235 3807 1297 3849 non

110 3896 235 3989 potuit
263 3894 347 3959 alius
375 3901 482 3958 tamen
512 3895 572 3958 hoc
598 3894 717 3959 habere
741 3896 847 3978 potuit
871 3894 983 3978 quanti
1007 3892 1090 3957 solet
1115 3891 1297 3974 comparari

704 3999 720 4030 tt

196 4054 288 4124 lVgl.
303 4053 374 4104 buch
389 4037 482 4104 Daniel
496 4056 601 4121 passim.
652 4054 1039 4117 ast1·ob0X111,1‚609‚644.
1095 4055 1213 4115 3Apolr.
1230 4051 1255 4111 5,
1273 4056 1297 4100 7.

1045 4127 1085 4176 2*-
