2798 4980
630 305 694 434 aa

76 561 218 621 sententia
234 563 264 618 ct
279 574 333 635 pro
349 557 395 618 Jo.
410 557 491 638 (sict)
507 558 700 622 Hoobstruton
715 557 806 621 iratus
822 559 931 621 ordinis
946 561 1166 637 praedicatorum
1181 563 1243 625 lata

76 678 165 743 super
186 665 332 741 speculum
355 666 478 726 oculare.
519 655 670 726 sibenden
686 667 889 743 augenspiegel
910 673 994 743 trago
1012 668 1058 728 iob
1080 668 1126 728 bei
1147 670 1242 729 dieser

78 772 260 847 gelegeoheit
289 768 422 845 lolgende
453 773 533 830 nicht
563 773 794 832 uninteressnnte
825 774 907 834 stelle
937 773 1021 834 nach.
1065 775 1243 848 Augustinus

77 879 200 938 Blanrer
215 876 342 935 schreibt
357 893 394 935 an
412 876 551 936 Gervicus
566 877 690 937 Blaurer
704 879 734 936 in
750 878 893 939 Constans
909 877 1079 957 (undatiert)
1095 879 1242 954 folgendes

78 983 165 1057 (Vad.
182 979 417 1056 brieisammlnng
432 983 463 1040 in
479 983 519 1041 St.
538 981 639 1040 Gallen
655 989 724 1042 torn.
741 982 808 1056 XII,
826 983 916 1059 209):

168 1084 292 1170 Adjicio
320 1083 362 1150 ad
385 1083 575 1167 catalogum
599 1084 753 1151 librorum
782 1086 874 1151 nobis
896 1087 1185 1171 comparandorum
1209 1092 1244 1153 et

77 1191 181 1257 illum:
213 1189 351 1256 Oculare
380 1188 545 1273 speculum
570 1190 704 1255 Joannis
728 1188 894 1256 Renohlini
917 1191 1003 1276 quod
1034 1191 1089 1257 ille
1112 1192 1243 1277 scripsit

76 1297 109 1362 in
133 1295 318 1380 germanica
341 1302 454 1361 nostra
477 1293 587 1379 lingna
610 1294 726 1360 deinde
741 1295 943 1362 translatum
969 1302 1019 1362 est
1042 1295 1120 1362 illud
1144 1298 1177 1363 in
1198 1297 1244 1362 lu·

77 1403 179 1468 tinam
211 1421 339 1487 quoqne
371 1399 513 1484 phrasim
547 1423 567 1464 a
596 1401 739 1465 Maltino
773 1401 935 1484 Groningo
957 1384 1132 1468 'Bremensi
1159 1401 1244 1487 juris

78 1507 248 1593 utriusque
278 1504 414 1571 doctori.
461 1504 578 1572 Utrum
607 1506 712 1590 possis
746 1528 935 1591 comparare
966 1507 1046 1572 illud
1077 1506 1245 1601 exemplar

77 1605 209 1692 mittito,
231 1612 364 1677 tametsi
387 1611 606 1696 germanicum
629 1612 751 1696 gratius
776 1619 876 1693 esset3
901 1620 1072 1699 utrumque
1096 1613 1123 1678 sl
1149 1617 1244 1696 potes

79 1715 288 1805 (quamquam
327 1716 500 1783 difficulter
530 1738 655 1801 sperem
687 1724 724 1782 ut
755 1718 873 1802 possis)
902 1717 1005 1783 mitte.
1056 1718 1172 1797 Quare
1204 1739 1244 1782 ox

79 1823 215 1888 Domino
247 1821 409 1898 Conrado
429 1823 456 1887 si
487 1822 664 1907 aliquando
695 1822 813 1888 viderit
841 1822 921 1888 illud
951 1829 1009 1889 aut
1040 1823 1155 1906 legerit
1186 1829 1244 1888 aut

79 1930 106 1994 si
129 1929 247 2013 possit,
272 1934 455 1994 mutuatum
479 1927 572 1993 nobis
596 1948 797 2013 perpaucos
821 1928 890 1993 dies
914 1926 1084 1993 bonafide
1107 1927 1244 1994 redden·

79 2034 156 2098 dum
179 2034 356 2118 acquirere.
403 2033 533 2098 Refellit
556 2034 588 2098 in
607 2054 652 2098 eo
676 2033 831 2117 opusculo
854 2033 937 2099 Joen
960 2033 1117 2098 Reuchlin
1136 2036 1146 2074 ¹
1171 2031 1244 2120 (aut

79 2138 215 2223 Capnio‚
250 2145 286 2203 ut
313 2161 348 2204 se
377 2140 481 2224 ipsum
513 2159 618 2224 graeco
649 2137 756 2226 vocat)
781 2160 891 2205 omnes
914 2139 1146 2222 papisticorum
1169 2139 1245 2204 insi·

79 2245 149 2310 dias
178 2243 359 2328 falsamque
390 2245 630 2310 accusationem
660 2266 757 2329 quam
788 2247 820 2310 in
843 2245 1010 2311 interitum
1032 2243 1120 2309 illins
1143 2249 1246 2310 strue·

80 2351 160 2416 hant
183 2348 516 2434 machinabanturqne
540 2352 626 2416 nitra
649 2358 720 2416 arte
737 2371 775 2415 ac
798 2352 937 2435 ingenio3
961 2351 1011 2415 uir
1026 2348 1121 2436 plene
1138 2349 1243 2415 diuino

80 2456 240 2540 praeconio
268 2455 397 2538 dignus,
431 2457 487 2540 qui
519 2455 568 2520 vel
599 2457 721 2540 primus
750 2456 822 2522 dira
851 2476 890 2520 ac
919 2454 1242 2539 funesta‘impiornm

80 2562 151 2626 lora
173 2567 271 2645 atque
295 2561 421 2625 vincula
444 2560 563 2645 quibus
578 2561 703 2626 tamdiu
719 2560 958 2644 stringebamnr
973 2561 1130 2644 praerupit
1144 2568 1244 2644 atque

80 2666 177 2750 fregit
207 2685 270 2730 non
301 2667 449 2749 exiguum
481 2666 537 2731 sed
569 2686 717 2748 magnum
750 2663 988 2731 emolimentum
1018 2662 1156 2730 afferens
1180 2665 1244 2728 Lu-

81 2771 174 2838 thero
198 2772 391 2857 exterisque.

168 2881 239 2941 Zum
265 2880 391 2940 schlnsse
414 2881 487 2955 gcbe
510 2881 569 2954 ich,
593 2897 656 2940 unm
679 2880 750 2939 theil
771 2881 808 2938 im
829 2881 995 2940 aosohlusse
1015 2895 1052 2937 ao
1069 2876 1142 2937 oben
1159 2894 1181 2936 s.
1201 2881 1241 2938 93

81 3005 106 3047 a.
125 2992 154 3060 2,
176 2986 310 3061 lolgende
330 2989 398 3045 zuei
419 2984 644 3060 grabsohrilten,
672 2985 777 3044 welche
797 2987 857 3045 sich
879 2989 907 3044 in
923 2987 976 3045 der
991 2981 1171 3044 handschrilt
1186 2983 1242 3043 Ba·

81 3095 156 3153 soler
171 3092 219 3153 off.
234 3094 301 3153 bibl.
317 3093 353 3150 D.
367 3091 415 3164 lv,
434 3096 451 3150 7
472 3095 535 3151 430
552 3092 602 3150 SS.
620 3095 649 3150 in
668 3087 702 3150 4⁰
717 3088 860 3151 hefinden.
885 3090 939 3148 Die
954 3086 1131 3148 handschriit
1146 3088 1243 3148 uurde

81 3201 229 3273 hegonncn
246 3214 302 3257 von
317 3196 496 3272 Boniiacius,
518 3196 685 3271 iortgesetzt
700 3213 756 3256 von
771 3197 895 3256 Basilius
911 3194 1085 3268 rimenham,
1108 3209 1164 3253 uon
1179 3192 1243 3252 dem

81 3305 153 3364 auch
169 3302 214 3362 die
229 3302 384 3377 folgenden
399 3302 587 3378 geschrichen
602 3304 674 3362 sind.
715 3300 764 3360 lob
783 3301 929 3360 verdunhe
949 3300 1032 3360 beide
1054 3299 1106 3359 der
1129 3298 1244 3358 lreuod-

80 3410 175 3469 lichen
197 3410 378 3484 mittheilung
402 3409 453 3468 des
476 3409 530 3467 hrn
559 3408 592 3468 dr
618 3409 651 3468 L.
669 3409 768 3469 Siebcr
792 3409 821 3466 ln
846 3404 940 3465 Busel.
987 3404 1043 3465 Die
1065 3407 1129 3464 eine
1152 3405 1245 3465 laulet

81 3516 117 3593 (s.
137 3512 227 3590 407):

168 3614 309 3682 loannes
337 3615 493 3681 Reuchlin
517 3615 673 3681 Phorcen.
696 3615 749 3678 LL
769 3612 774 3701 Ι
796 3617 917 3681 Ductor
947 3633 1054 3679 comes
1082 3609 1245 3694 palatinus

81 3719 256 3807 latelranus
281 3721 522 3786 Sicambrorum
539 3721 617 3803 legis
634 3719 754 3784 tacitus
775 3717 780 3806 Ι
801 3719 947 3802 Sueuiaeq
967 3716 1117 3782 triumuir
1132 3716 1243 3800 Postq.

81 3826 192 3891 Musas
213 3824 218 3912 Ι
238 3826 452 3911 elegantiores
476 3811 547 3890 orbi
563 3824 670 3889 Germ.
691 3825 835 3889 restitnit
855 3824 860 3900 Ι
879 3844 918 3887 ac
940 3821 1126 3887 hebraicam
1150 3819 1246 3885 simul

80 3938 113 3995 et
146 3951 281 4014 grecam
311 3931 416 4015 lingue
436 3929 440 4016 Ι
462 3929 504 3995 ab
532 3929 667 3994 interitu
694 3926 823 3993 reduxit
850 3927 937 4010 cepit
965 3921 1148 4012 aperfildis
1175 3923 1247 3990 lite·

81 4057 192 4101 rarum
215 4035 363 4102 hostibus
386 4035 540 4120 sophistis
569 4032 807 4119 prejdicatorijs
830 4032 903 4098 frib.
927 4031 1125 4096 Hoohstrato
1149 4028 1243 4116 cuml

81 4141 215 4226 reliquis
243 4141 308 4206 snis
336 4147 371 4207 et
394 4141 577 4206 Christiano
607 4139 628 4204 J
631 4137 721 4205 udaeo
743 4139 748 4225 Ι
768 4136 968 4204 Piefferkorn
996 4142 1125 4222 tamque
1154 4157 1246 4202 uouae

81 4252 115 4312 ct
137 4244 307 4331 perluersae
330 4246 486 4311 doctrinae
509 4244 627 4312 author
643 4243 769 4326 ,corripi
788 4243 793 4324 Ι
815 4248 881 4328 atq.
904 4241 1083 4324 multiiugis
1105 4241 1168 4308 fori
1195 4262 1247 4308 ca·

655 4383 672 4422 at

156 4479 166 4526 l
188 4476 236 4527 Am
257 4472 332 4527 raud:
351 4475 389 4530 Ex
408 4473 520 4545 alicujus
539 4473 601 4526 boni
621 4472 671 4525 viri
689 4470 848 4523 bibhothocn
867 4468 942 4527 illud.
