2798 4980
672 320 736 389 144

113 519 236 578 straten
260 534 358 597 super
381 511 490 578 libello
514 509 728 577 diffamatorio
754 511 815 577 sibi
833 509 980 595 judicem
1012 510 1163 594 elegerit,
1190 512 1256 597 quod

113 638 231 683 excuso
265 617 448 699 diligenter,
481 617 633 701 quoniam
673 624 706 681 et
743 617 904 682 Caesarem
938 621 973 680 et
1005 615 1255 699 archiepiscopum

114 723 336 806 Mogontinum
359 722 422 786 sibi
437 744 565 806 qnoque
585 721 713 805 judices
737 722 879 806 elegerit.
925 720 1011 798 Quid
1033 721 1166 787 multis?
1185 721 1255 807 quasi

115 828 202 892 fama
219 849 302 892 nunc
312 826 406 910 vulgo
423 827 510 909 apud
526 847 586 890 nos
597 826 812 908 percrebruit,
828 826 914 911 quod
929 826 991 891 hoc
1006 833 1121 892 contra
1135 847 1182 892 mo
1195 826 1254 910 cogi·

12 938 15 947 '
114 939 219 997 tatum
249 932 374 998 facinus
405 931 447 996 ab
477 930 589 995 ordine
622 939 729 996 vestro
753 931 883 997 duxerit
905 932 1072 1017 originem.
1117 932 1180 1015 Ego
1198 950 1253 996 vero

116 1037 194 1101 mihi
221 1038 284 1120 ipsi
310 1036 506 1120 persuadeo,
537 1058 599 1100 non
631 1036 677 1099 ita
701 1057 788 1114 esse,
817 1036 894 1120 quia
922 1035 1000 1099 mihi
1029 1036 1174 1101 conscius
1193 1054 1251 1112 suu,

116 1141 308 1225 longissimis
339 1164 390 1206 me
429 1141 629 1223 temporibus
665 1140 803 1205 fratrum
839 1140 961 1206 ordinis
996 1141 1100 1206 sancti
1129 1138 1252 1205 Dominici

115 1245 249 1311 fratrem
274 1246 383 1324 fuisse,
407 1253 440 1310 et
463 1269 483 1309 a
512 1247 700 1330 provinciali
729 1244 892 1330 quondam
922 1244 1069 1311 Stubach
1105 1242 1251 1311 matricula

115 1350 255 1416 fratrum
278 1352 434 1416 insertum
458 1373 529 1416 esse
554 1350 681 1435 dequo
706 1356 820 1415 extant
845 1356 998 1434 patentes
1029 1351 1132 1416 litera
1151 1352 1169 1413 ¹.
1208 1350 1250 1413 lle

119 1457 216 1541 nique
239 1463 392 1539 parentes
416 1478 504 1521 meos
529 1457 679 1520 fratrum
703 1455 833 1534 ordinis,
857 1453 1029 1521 bonafide
1053 1452 1249 1520 ministeriales

117 1561 215 1626 fuisse
233 1563 259 1640 ²,
290 1561 377 1646 apud
409 1582 490 1645 quos
520 1567 554 1625 et
581 1565 612 1623 in
636 1558 765 1624 Christo
789 1560 1006 1644 requiescunt.
1053 1561 1126 1626 Huc
1146 1556 1251 1634 accedit,

118 1667 206 1750 quod
235 1667 344 1731 multis
374 1667 466 1731 annis
494 1673 528 1731 et
554 1666 587 1729 in
615 1664 726 1730 multis
749 1666 855 1729 causis
885 1663 990 1729 ordini
1012 1672 1123 1730 vestro
1143 1662 1251 1748 patroci-

116 1782 213 1836 natus
237 1794 315 1849 suna,
339 1772 407 1836 sine
440 1772 581 1854 premio
604 1769 673 1834 siue
697 1768 824 1846 salario,
849 1769 889 1835 de
913 1770 1033 1855 quibus
1062 1770 1182 1855 longior
1203 1765 1252 1833 fini

117 1878 228 1961 poss‘et
258 1877 434 1962 catalogus.
482 1876 561 1941 Cum
593 1875 692 1957 igitur
719 1875 788 1957 ipse
816 1874 894 1938 mihi
925 1875 1073 1941 conscius
1101 1875 1160 1941 aim
1179 1878 1251 1939 tanta

117 1982 362 2060 benevolentia,
394 1987 492 2046 tantae
522 1978 612 2058 fidei,
648 1987 747 2044 tantae
781 1979 994 2044 observantia
1033 2001 1112 2063 erga
1138 1978 1252 2045 ordinem

117 2094 262 2152 vestrum
276 2109 327 2151 me
351 2092 384 2150 et
400 2107 470 2150 esse
487 2090 520 2150 et
535 2084 644 2164 fuisse,
669 2085 741 2169 quis
759 2085 829 2169 jam
852 2083 931 2147 mibi
946 2092 1060 2167 posse-t
1075 2083 1251 2169 persuadere,

118 2197 243 2256 tantam
271 2193 303 2255 in
332 2190 397 2255 ullo
429 2192 562 2255 Patrnm
584 2197 643 2255 aut
666 2190 805 2254 fratrum
831 2195 1014 2256 vestrorum
1047 2212 1118 2256 esse
1146 2185 1251 2255 crudeli·

118 2303 229 2376 tatem,
253 2303 376 2359 tantam
399 2295 674 2378 iugratitudinem,
699 2302 823 2360 tantam
854 2295 1134 2376 inhumanitatem,
1154 2292 1248 2376 utejut

120 2407 277 2484 cuperent
299 2400 497 2465 labefactare
521 2400 649 2479 famam,
674 2401 730 2485 qui
753 2421 865 2465 eorum
898 2421 982 2485 saepe
1006 2401 1196 2467 defendisset
1215 2396 1250 2460 iu·

117 2506 257 2570 famiam.
304 2505 348 2569 Te
372 2505 470 2588 igitur
486 2505 635 2583 obsecre,
659 2510 697 2568 ut
718 2506 956 2571 venerabilibus
979 2507 1130 2589 patribus
1151 2500 1248 2576 nostris,

118 2612 256 2676 maxime
292 2617 402 2674 autem
438 2610 566 2693 egregio
598 2608 730 2673 Doctori
759 2609 912 2676 Jacob0³
949 2611 1016 2677 lraec
1045 2612 1181 2676 insinues
1205 2601 1248 2670 effi·

120 2720 260 2801 ciasque,
275 2723 313 2781 ut
329 2716 481 2779 bonorem
497 2735 605 2779 meum
620 2714 693 2797 plus
710 2719 863 2780 tueantur
879 2736 977 2801 quam
992 2715 1162 2783 infirment
1186 2707 1248 2778 lale.

211 2859 373 2918 Gedruckt:
391 2858 419 2916 J.
436 2875 463 2916 v.
481 2875 506 2917 e.
522 2875 549 2931 p.
569 2852 606 2916 31)
622 2858 665 2917 bis
682 2875 700 2930 q
718 2862 763 2918 1³.

622 3109 780 3177 CXXXII.

191 3215 328 3282 stuttgart.
1050 3220 1066 3268 o
1086 3217 1150 3270 Nor.
1171 3217 1228 3268 1511.

117 3303 423 3379 Praestantissimo
451 3303 661 3379 literatoriae
690 3306 777 3378 artis
805 3305 1084 3407 chalcographo
1107 3304 1252 3406 magistro

119 3427 144 3500 1
147 3429 259 3500 oanni
282 3424 565 3524 AmorbacchiO,
593 3429 666 3502 civi
684 3428 889 3524 Basiliensi,
914 3429 1033 3504 amico
1054 3424 1254 3505 1110111111-

375 3552 467 3625 simo
496 3551 570 3654 [do.
598 3549 821 3652 Reuchlin]4
849 3551 885 3627 S.
916 3553 960 3627 D.
988 3553 1031 3626 P.
1075 3629 1077 3633 ,

206 3737 309 3824 Cyrus
338 3743 449 3805 noster
477 3738 623 3804 celeriter
653 3738 805 3820 arripuit,
838 3759 939 3822 quare
970 3760 1034 3804 non
1064 3740 1157 3824 potui
1185 3735 1221 3803 ad
1238 3739 1263 3798 tc

118 3843 267 3930 pluribus
284 3843 304 3909 5.
350 3844 436 3910 Nihil
459 3852 590 3909 tuarum
609 3844 778 3908 literarum
795 3865 835 3908 ex
850 3844 1001 3910 nundinis
1017 3847 1139 3929 recepi.
1171 3839 1268 3918 Credo,

693 3997 710 4036 a

193 4095 203 4139 1
225 4090 272 4140 Ich
291 4089 336 4140 bin
356 4089 429 4140 nicht
450 4089 484 4139 irn
502 4086 604 4151 stende,
623 4088 695 4139 diese
719 4102 838 4152 aussage.
854 4089 898 4138 Rs
919 4086 1000 4139 durch
1028 4090 1173 4157 aeugnim
1193 4102 1224 4141 m
1237 4085 1276 4139 be

119 4174 205 4240 legen.
279 4181 293 4226 2
313 4162 386 4228 iiber
406 4179 448 4227 die
467 4179 549 4227 eltern
569 4177 712 4227 Reuchlins
732 4176 785 4242 agl.
806 4176 874 4226 oben
896 4177 996 4227 lMttra
1013 4178 1091 4228 1506.
1169 4173 1279 4228 3111111

119 4263 303 4315 Hochstrateu.
376 4270 392 4314 4
412 4268 440 4316 a.
454 4266 499 4316 bat
516 4282 548 4315 zu
563 4265 608 4314 der
620 4265 725 4315 adresse
743 4263 810 4314 noch
825 4264 1091 4330 binaugeachrieben:
1112 4264 1283 4317 buchtruckcr

104 4365 154 4402 ‚au
166 4352 252 4403 Baael.
324 4353 339 4401 5
359 4352 443 4422 Plur.]
463 4353 567 4404 beaieht
583 4353 639 4403 sich
655 4352 874 4403 wahrscheinlich
894 4355 941 4404 auf
952 4355 1028 4404 einen
1046 4353 1122 4404 nicht
1139 4354 1286 4407 erbaltaneu

120 4436 220 4489 kurzen
239 4439 310 4490 brief
326 4440 383 4501 R.s;
403 4441 487 4507 Cyrus
509 4443 544 4493 ist
568 4441 613 4492 der
637 4443 675 4493 oft
698 4447 830 4508 genannte
848 4440 910 4492 bole
929 4440 1100 4495 Amerbacbs.
