2798 4980
684 347 749 419 283

128 533 292 623 lagranth
314 539 504 608 insecutum.
548 541 664 628 Itaque
687 539 777 606 nulla
792 545 884 624 aetas,
906 538 997 606 nulla
1019 539 1093 607 vita
1115 559 1193 627 pars
1214 536 1296 609 nribl

127 644 244 728 agitur,
286 667 352 731 qna
391 668 453 713 non
488 645 613 732 aliquid
654 646 770 713 moliar
805 646 923 728 animo,
957 645 1047 731 qnod
1081 645 1124 712 ad
1152 652 1295 714 exterma

126 750 295 835 sapientia
347 753 563 836 cognitionem
601 757 701 837 atque
741 753 823 819 adeo
865 752 909 818 ad
948 750 1134 837 prodendas
1173 751 1295 820 nostris

123 854 308 924 bominibus
329 858 473 941 gentium
496 858 622 943 linguas
645 859 793 939 attineat,
817 880 880 924 non
911 858 1006 925 nimis
1029 857 1099 923 alta
1128 857 1293 942 sapiendo,

123 960 183 1029 sed
204 961 380 1030 humilibus
397 963 634 1031 consentiendo.
673 965 841 1044 Quondam
865 985 980 1048 nempe
1003 962 1193 1030 adulescens
1225 972 1295 1047 egb,

123 1064 200 1133 dum
230 1087 381 1152 asperam
409 1075 443 1134 et
470 1070 584 1136 rudem
614 1069 714 1137 seculi
745 1070 922 1156 superioris
946 1068 1182 1155 philosophiam
1205 1067 1294 1153 apud

112 1172 483 1257 -Rnnracos1meditor,
507 1177 618 1243 statim
641 1177 683 1243 ad
707 1178 831 1244 cultum
855 1183 888 1243 et
910 1174 1069 1262 aequabile
1092 1196 1192 1260 genus
1215 1195 1287 1242 ora-
1321 1171 1327 1180 ’

121 1279 221 1345 tionis
242 1279 366 1361 latinae,
397 1281 464 1348 sive
487 1283 627 1349 solutam
650 1283 765 1364 uelles,
799 1283 865 1349 sive
888 1281 981 1353 nodis
1006 1282 1160 1361 vinctam,
1183 1281 1288 1367 adjeci

119 1384 273 1453 animum.
318 1386 471 1472 Interque
503 1390 624 1473 primos
648 1389 848 1474 professores
871 1394 909 1454 ut
933 1394 1020 1454 esset
1041 1386 1162 1472 aliquis
1185 1389 1286 1455 etiam

119 1513 200 1559 usne
215 1493 280 1559 mei
294 1493 328 1558 in
343 1494 554 1561 restituendis
569 1495 683 1575 literis,
707 1500 801 1561 extra
816 1493 961 1560 ordinem
977 1493 1149 1578 utriusque
1165 1493 1293 1577 generis

119 1596 278 1665 authores
308 1599 437 1683 publice
461 1600 565 1666 docui.
613 1603 718 1686 Atque
746 1601 779 1666 id
810 1601 949 1684 primum
972 1599 1098 1678 studio,
1130 1598 1232 1682 magis
1254 1603 1294 1665 ut

119 1703 324 1789 grammatici
347 1727 450 1791 ,qnam
473 1707 636 1791 elegantes
664 1700 868 1785 haberemur,
894 1703 974 1789 quid
998 1703 1082 1769 enim
1106 1703 1290 1788 requireres

119 1807 262 1894 amplius
291 1810 335 1877 ab
367 1807 550 1878 hominibus
584 1814 640 1898 qui
668 1834 769 1878 anuos
793 1812 862 1896 jam
895 1830 995 1893 supra
1017 1813 1180 1875 tercentos
1203 1808 1294 1876 alind

118 1915 201 1981 nihil
222 1915 451 1997 moliebantur,
476 1939 574 2003 quam
589 1914 637 1985 'ut
663 1918 796 1984 barbari
812 1921 929 1995 essent,
945 1915 1030 1980 unde
1047 1933 1120 1980 cum
1135 1914 1289 2000 loquendi

115 2020 210 2102 -ritio,
233 2042 325 2089 amor
348 2023 449 2089 etiam
467 2029 500 2089 et
516 2023 665 2108 voluptas
689 2021 891 2089 balbutieodi
913 2020 1087 2086 insederat.
1112 2019 1175 2086 Sed
1198 2041 1288 2104 pros·

118 2147 200 2211 pere
227 2127 333 2194 cessit
389 2128 512 2212 Magna
536 2130 585 2195 rei
608 2150 671 2195 oon
703 2129 825 2195 frustra
854 2148 983 2193 manum
1008 2125 1156 2192 admoliti
1179 2146 1290 2194 sumus

117 2232 253 2299 tametsi
304 2239 437 2310 shenoe
491 2236 738 2319 refragarentur
783 2233 874 2299 initio
916 2233 1012 2300 istius
1057 2231 1182 2315 generis
1223 2250 1291 2298 ma-

115 2335 212 2421 gistri
235 2358 318 2423 qnos
337 2337 432 2405 hodie
453 2340 578 2407 scilicet
599 2340 708 2407 hostes
726 2341 879 2425 patimur,
900 2339 1019 2424 quibus
1044 2337 1289 2422 corruptissimo

112 2442 238 2527 jndicio
262 2451 296 2510 et
319 2445 503 2511 admirabili
516 2449 657 2538 φιλαυτία
670 2447 870 2513 tumentibus
885 2442 964 2510 nihil
986 2450 1106 2529 prater
1128 2443 1215 2510 feces
1231 2463 1291 2510 sna

115 2554 207 2615 recte
222 2549 389 2632 probatur.
420 2552 622 2620 Iamnsures
634 2553 906 2636 explendesoebat
927 2550 1102 2636 fiebatque,
1123 2556 1162 2615 ut
1178 2549 1292 2634 purius

115 2659 151 2720 et
172 2653 333 2725 scriberet
355 2663 390 2722 et
412 2657 534 2724 diceret
551 2660 704 2742 juventus
727 2659 926 2742 germanica,
950 2656 1048 2741 idque
1072 2676 1123 2721 me
1150 2655 1291 2738 auspice.

208 2760 332 2827 Deinde
355 2765 494 2830 accessit
516 2785 693 2849 graecarum
709 2766 879 2829 literarum
902 2763 1055 2840 studium,
1079 2761 1147 2825 sine
1171 2759 1290 2843 quibus

116 2887 213 2933 nemo
251 2874 304 2933 sat
339 2868 460 2952 politus
497 2872 621 2936 censeri
656 2877 773 2955 potest.
831 2869 927 2934 Hisce
962 2867 1004 2932 ad
1044 2863 1282 2950 philosophiam

116 2972 354 3040 revocabamur
369 2975 621 3057 aristotelicam,
653 2998 724 3062 quae
747 2996 810 3040 non
838 2974 898 3039 nisi
922 2995 942 3039 a
965 2973 1077 3058 graeois
1100 2969 1284 3036 hominibus

115 3078 249 3164 proprie
279 3100 319 3145 ao
349 3081 412 3146 rite
447 3081 534 3147 tradi
569 3083 660 3148 solet.
713 3083 785 3147 Huc
813 3079 1019 3164 aspirabant,
1050 3077 1077 3144 si
1110 3077 1166 3163 qui
1196 3074 1290 3141 bonis

114 3183 253 3269 ingeniis
275 3207 339 3250 non
355 3192 510 3270 corrupta
525 3187 590 3254 ista
613 3195 646 3253 et
661 3186 855 3272 perturbata
870 3185 1043 3269 disciplina
1056 3181 1169 3249 infecti
1185 3185 1288 3248 erant

116 3288 246 3356 Sensim
286 3290 429 3374 pueriles
469 3291 653 3358 scholarum
693 3314 786 3378 nugae
820 3291 1063 3359 deserebantur.
1122 3288 1174 3357 lbi
1209 3309 1287 3358 sero

114 3394 291 3480 supercilia
315 3396 465 3463 tollentes
488 3399 649 3465 veternosi
673 3399 833 3483 sophista,
857 3397 975 3464 mirum
998 3403 1035 3462 ut
1056 3395 1195 3477 ridiculi,
1218 3397 1284 3480 aje-

116 3499 213 3582 bant,
249 3501 417 3568 literarum
453 3526 552 3588 genus
580 3526 601 3569 a
627 3503 720 3570 nobis
754 3504 890 3570 tractari
925 3502 1066 3569 alienum
1099 3493 1129 3569 a
1146 3522 1281 3569 romana

114 3608 255 3691 pietate,
279 3607 408 3674 Graecos
432 3609 654 3676 schismaticos
670 3632 750 3691 esse,
765 3610 958 3676 interdictas
974 3631 1086 3675 eorum
1102 3609 1290 3694 disciplinas

114 3717 232 3778 contra
255 3712 398 3779 ecclesiae
431 3715 563 3780 decreta
586 3716 679 3781 nobis
710 3717 872 3800 magistris
894 3715 999 3800 prodi.
1048 3714 1150 3780 Viden
1175 3713 1289 3798 quanti

113 3817 201 3885 ratio
233 3818 311 3884 mihi
340 3820 518 3916 primorum
545 3821 726 3887 studiorum
759 3822 957 3900 constiterit,
987 3843 1047 3905 per
1077 3841 1150 3905 quae
1179 3838 1290 3884 rorum

114 3923 316 4005 discrimina,
349 3926 427 4011 qnid
456 3948 571 4010 passus
599 3925 631 3992 a'
647 3928 801 4012 sophistis
832 3925 993 3992 effecerim
1018 3932 1054 3992 ut
1082 3924 1289 4009 resipisceret

114 4029 292 4097 Germania
315 4032 364 4096 vel
388 4032 536 4099 tandem:
560 4033 638 4098 Sero
664 4035 748 4099 enim
772 4034 914 4117 Phryges
937 4031 1099 4116 sapiunt

205 4136 284 4202 Haeo
308 4144 383 4203 sunt
405 4139 516 4223 primae
535 4140 677 4223 juventa
701 4140 835 4219 merita,
865 4158 960 4222 quam
983 4135 1136 4220 intelligis
1161 4157 1288 4207 omnem

189 4320 200 4366 l
221 4314 251 4366 Iu
273 4314 350 4366 Basel
373 4319 438 4365 1477
460 4318 486 4366 o.
559 4320 573 4366 2
593 4317 656 4367 Suro
675 4317 754 4384 anim]
775 4315 943 4384 proverbium
963 4322 1002 4365 est
1015 4322 1105 4367 uatum
1125 4333 1141 4367 a
1158 4315 1288 4383 Trojanis,

110 4404 155 4470 qui
175 4402 278 4456 docimo
304 4405 415 4470 denique
441 4421 510 4455 atino
534 4405 603 4455 velle
629 4415 762 4482 coeperant
783 4405 911 4467 Holenam
938 4419 1045 4482 quaqua
1074 4420 1132 4466 cum
1157 4421 1189 4456 ca
1213 4414 1288 4466 erant

111 4499 186 4566 repta
205 4491 314 4550 reddere
334 4493 453 4552 Achivis.
475 4493 584 4552 Festus,
1232 4489 1266 4511 ‘⁸‘
