2580 4178
118 96 230 183 ndthig
251 93 318 163 und
337 118 374 165 er
399 96 492 165 irene
507 93 590 177 8188,
612 94 708 166 81888
725 92 868 163 Achilles
889 90 1020 181 erleusst
1032 92 1210 163 8888888.
1252 105 1289 150 ¹«

121 201 244 270 Kdlner
263 202 353 269 eeien
369 200 476 269 leinde
493 190 583 269 ihrer
599 198 839 285 gemeinsemen
856 196 1072 285 jusistimheu
1094 197 1238 281 8181188,

122 307 238 375 881188
260 307 323 375 dan
339 308 457 375 Petrus
472 305 654 386 Raremas,
670 303 843 373 Sebastiau
867 302 982 393 111881,
1004 304 1195 391 1188118888,
1209 292 1283 373 ltu

123 413 255 495 helmet,
279 413 415 493 lintion,
436 410 501 479 den
521 409 636 497 888188
658 409 891 487 8811888888
912 408 1117 497 8888881888
1139 408 1288 481 undum

123 517 171 585 eei
195 540 231 587 er
260 517 311 585 818
342 515 436 603 opier
465 515 674 585 ausereehen.
720 514 809 585 Abeo·
838 514 898 583 der
921 514 1084 601 88811881
1105 518 1210 605 8888
1229 514 1289 583 ciel

123 622 189 689 ihm
206 621 256 690 818
270 621 397 690 wahrer
411 620 554 689 Achilles
569 620 733 691 erneisen
750 602 957 719 8181888818.
972 618 1038 687 181
1050 618 1135 697 lior.
1153 640 1185 687 ι
1202 624 1287 697 1818

214 731 393 793 1188888888
401 728 531 793 :neri
546 746 644 807 mser„
658 727 828 807 18180188,
843 712 1000 811 mclii:
1013 716 1287 819 1-88181111818,

125 839 256 914 balneae
292 855 315 899 a.
347 838 403 899 78
420 836 465 899 bis
494 838 548 913 78,
587 808 1151 915 83888118811811881888181,
1182 826 1210 897 e.
1232 814 1287 917 488

127 945 173 1004 818
196 944 270 1007 488.

368 1174 370 1179 -
636 1124 787 1195 (1118118
1130 1142 1133 1147 ·

197 1214 387 1269 01188.888888
921 1218 924 1223 ’
1059 1214 1167 1269 oller.
1177 1214 1258 1267 -1818

129 1305 256 1380 Frater
262 1304 442 1380 Nrcolaus
454 1222 645 1403 Ellenbog
656 1302 684 1379 J
683 1328 799 1379 ouum
787 1300 996 1379 Reu'chlin
1008 1302 1211 1407 8188888881
1221 1302 1286 1379 sd

218 1429 405 1514 Praeceptor
426 1423 636 1507 observande,
660 1424 782 1493 dudum
806 1444 885 1495 8888
907 1430 943 1493 81
964 1418 1101 1513 quidem
1122 1424 1239 1495 erebro
1251 1444 1288 1493 eo

131 1534 250 1620 sapius
266 1532 308 1599 'ad
331 1539 364 1598 te
381 1531 460 1598 dare
474 1529 586 1598 literas
602 1531 705 1614 volui3
728 1533 781 1599 vix
796 1538 906 1599 tamen
927 1530 1065 1599 dixerim
1080 1536 1182 1619 88818
1203 1552 1239 1599 n·
1248 1565 1254 1606 2
1267 1560 1271 1587 ι

134 1639 242 1724 gentia
265 1637 422 1704 hactenus
446 1636 641 1704 obmiserim.
664 1637 784 1723 Accipe
807 1638 918 1723 118888
939 1636 990 1705 vel
1024 1658 1101 1705 sero
1123 1658 1146 1703 8
1168 1633 1289 1703 11188188

129 1752 197 1824 188,
219 1751 276 1809 188
300 1744 444 1828 inquam,
466 1742 544 1828 8818
573 1743 712 1810 maxime
740 1742 801 1811 tibi
828 1740 956 1825 8118818,
986 1742 1102 1811 literae
1124 1749 1288 1827 utcumque

131 1869 235 1914 meam
251 1849 284 1913 in
308 1855 341 1913 te
357 1847 597 1915 observantiam
621 1848 835 1915 insinuantes.
865 1848 973 1916 Primo
989 1848 1135 1917 omnium
1150 1848 1243 1935 cupio
1262 1868 1278 1913 e

130 1953 259 2039 quidem
284 1952 490 2020 vehementer
512 1959 546 2020 te
581 1952 663 2021 bene
693 1952 801 2021 volere
830 1959 868 2021 et
887 1973 1027 2039 corpore
1048 1961 1085 2021 81
1105 1954 1224 2036 animo,
1269 1982 1275 2008 2

130 2059 204 2124 hine
220 2058 340 2124 certior
363 2080 423 2144 per
445 2064 478 2126 te
501 2057 574 2127 fieri
603 2059 643 2126 de
667 2059 829 2125 sententia
851 2059 961 2127 Romae
985 2058 1123 2129 obtenta
1144 2058 1226 2127 adro
1249 2088 1285 2115 :112

129 2170 203 2232 1888
226 2164 366 2232 aemulos.
413 2164 484 2231 Etsi
507 2164 591 2231 enim
611 2162 709 2249 plura
731 2164 913 2249 acceperim
935 2164 976 2233 de
1005 2185 1045 2233 ea
1068 2186 1115 2247 re,
1138 2172 1229 2234 certe
1268 2198 1270 2217 τ

128 2292 202 2337 men
225 2270 339 2336 audire
359 2270 452 2356 potui
474 2269 563 2350 nihil,
587 2290 690 2355 88888
713 2267 796 2335 adeo
818 2270 851 2335 in
880 2268 1056 2338 solitudine
1079 2268 1135 2337 818
1157 2290 1228 2357 888.
1248 2269 1281 2336 T·

129 2375 224 2444 velim
248 2376 309 2443 tibi
332 2377 455 2461 optima
477 2380 665 2462 precantem
681 2372 848 2440 victoriam
864 2382 953 2442 tuam
977 2360 1136 2443 adversus
1151 2374 1289 2443 inimicos

128 2504 169 2549 ne
193 2482 288 2548 celes.
327 2481 487 2548 Caeterum
510 2480 544 2547 id
566 2480 609 2546 mi
626 2477 794 2565 significes,
819 2480 917 2546 etiam
932 2485 1032 2567 81888
1057 2482 1158 2549 etiam
1173 2503 1289 2568 precor,

129 2588 209 2675 quid
231 2589 465 2672 interpretetur
488 2577 547 2670 11,χρ
572 2586 771 2652 canticorum
793 2587 914 2670 primos
946 2587 1081 2654 Vineam
1105 2609 1212 2655 meam
1233 2607 1289 2654 non

129 2693 291 2761 custodivi
302 2696 322 2758 ¹.
345 2693 384 2760 Id
400 2693 484 2758 enim
500 2698 551 2759 est
566 2692 627 2758 tibi
642 2691 732 2758 factu
746 2691 943 2776 facillimum,
966 2694 1020 2759 rix
1034 2700 1146 2761 tamen
1163 2693 1288 2760 dixerim

130 2822 227 2886 quarn
250 2799 395 2867 futurum
426 2801 468 2866 sit
496 2799 575 2865 mihi
597 2805 736 2882 gratum.
782 2799 881 2865 Artor
910 2820 988 2867 sane
1022 2820 1083 2884 ego
1104 2799 1140 2867 in
1162 2798 1223 2866 888
1243 2819 1289 2864 vo

130 2905 203 2971 cula
226 2927 289 2972 non
313 2928 437 2992 parum,
462 2905 520 2972 sed
543 2904 577 2971 id
601 2904 698 2970 efficit
719 2923 797 2970 rara
820 2904 853 2969 in
876 2904 1038 2973 hebraicis
1060 2906 1167 2973 literis
1187 2905 1286 2973 188118.

131 3011 212 3077 Sunt
228 3014 312 3078 enim
336 3013 465 3079 tantae²
488 3033 567 3078 meae
590 3011 622 3076 18
636 3010 734 3078 rebus
756 3010 890 3096 agendis
905 3012 1147 3099 occupationes
1162 3017 1200 3079 ut
1221 3030 1288 3078 raro

705 3140 722 3178 ’l‘

128 3231 188 3299 geb.
210 3232 235 3283 18
256 3230 390 3298 Boiogna,
415 3249 465 3284 von
486 3238 562 3300 papst
580 3230 671 3284 aulius
690 3230 715 3280 11
734 3231 774 3282 818
793 3230 935 3298 gesandter
952 3230 1020 3284 8888
1039 3230 1087 3284 der
1105 3232 1226 3286 Schwcic
1243 3229 1287 3284 881

129 3320 209 3373 Ρ818ιι
238 3321 392 3388 geschickt,
419 3321 516 3371 sordert
544 3320 685 3388 ereherzog
707 3320 859 3387 sigemund
884 3319 936 3371 und
957 3321 1039 3387 188818
1066 3319 1221 3373 Wledielew
1245 3336 1285 3371 voc

128 3410 235 3476 Ungarn
262 3427 320 3462 zum
346 3411 438 3476 kriege
462 3425 547 3477 gagen
568 3407 648 3460 Pelen
669 3410 725 3472 aus,
752 3410 786 3460 ist
812 3409 854 3460 bei
879 3409 905 3459 k.
924 3409 1037 3475 Ludwig
1064 3426 1116 3462 von
1138 3408 1285 3462 Frankreieh

126 3499 179 3552 und
200 3499 364 3551 Maximillam
388 3498 426 3548 als
444 3497 584 3565 gesandter
602 3498 695 3564 menig,
715 3498 779 3548 8181
802 3501 882 3561 1811,
909 3503 941 3549 21
961 3499 1016 3550 1181
1042 3515 1075 3550 88
1099 3500 1177 3551 stelle
1196 3500 1240 3551 dee
1255 3514 1284 3548 er·

127 3589 258 3640 mordeton
286 3588 422 3639 Alidosius
448 3604 505 3637 aum
539 3586 646 3638 bischos
670 3603 720 3637 von
746 3586 866 3653 Bologna
889 3592 1014 3650 eruerunt,
1040 3587 1142 3639 welche
1169 3586 1243 3640 818118
1265 3600 1285 3635 er

127 3679 209 3740 ench,
233 3677 302 3728 nach
331 3678 436 3743 einigen
461 3675 699 3742 sehwierigkciten‚
722 3674 1186 3738 1511,851811818811888818111.
1222 3673 1283 3728 8881

126 3773 201 3816 unter
221 3766 273 3816 Leo
287 3767 311 3814 X
329 3765 427 3832 gaelrrt,
446 3765 524 3816 etirbt
543 3781 570 3814 er
583 3764 671 3830 gleieh
690 3763 758 3814 nach
771 3762 1091 3831 demregierungaeutritt
1104 3761 1283 3822 crememur,

128 3858 160 3908 22
182 3855 245 3904 Nor.
269 3857 345 3903 1813.
384 3852 898 3920 0188881181188881111888,118881.
918 3855 969 3904 296
989 3868 1028 3919 88.

200 3948 211 3991 1
233 3940 357 3992 [11888188
369 3943 443 4009 frage
462 3942 544 3994 achon
566 3946 596 3992 12
611 3944 716 4008 August
731 3942 807 4006 1817,
826 3941 894 3994 8888
906 3957 963 3994 nro.
977 3941 1115 3995 coxam.
1172 3947 1187 3993 1
1205 3938 1281 3993 uult·

128 4029 336 4096 anagasti-ichen,
354 4038 432 4081 188188
450 4029 698 4097 iibergcsclrricben.
