2798 4980
642 302 684 372 et

84 492 255 580 flaginsti,
283 494 353 582 ipse
381 516 442 582 pro
464 499 575 564 vetere
602 494 750 562 amicicia
771 498 885 564 nostra
906 497 940 562 et
968 493 1104 582 antiqua
1125 511 1248 568 morem

85 601 147 668 tibi
161 601 295 687 gerendi
318 601 549 670 consuetudine
564 602 710 669 laborem
733 600 917 667 obeundum
939 619 1011 668 esse
1033 602 1111 669 mihi
1136 606 1248 690 putavi

27 783 32 790 ‚
81 728 128 791 ne
149 707 203 774 rel
233 728 334 793 opera
363 713 463 794 atque
491 707 647 775 sedulitas
676 728 750 775 mea
782 727 910 792 semper
941 707 1085 793 alioquin
1106 708 1251 777 officiosa

85 812 148 879 tibi
184 813 300 879 saltem
327 813 361 878 in
391 835 427 879 re
456 813 641 880 necessaria
664 812 805 879 defuisse
834 812 938 878 videri
970 819 1090 898 posset.
1136 815 1251 902 Itaque

87 919 268 986 orationem
290 926 382 986 tuam
405 919 447 985 ad
469 925 503 985 te
526 920 620 985 mitto
644 939 716 1005 quae
731 924 865 1004 propter
887 919 988 1004 ipsius
1008 940 1165 985 summam
1189 920 1252 986 ele-

85 1025 231 1110 gantiam
264 1026 518 1113 dignitatemque
551 1025 721 1090 verborum
745 1030 780 1089 et
801 1025 993 1109 gravitatem
1017 1027 1252 1093 sententiarum

86 1131 187 1216 digna
209 1130 278 1197 visa
301 1136 352 1198 est
367 1153 432 1199 non
446 1152 519 1199 mea
534 1136 660 1198 tanturn
676 1152 773 1197 manu
790 1130 943 1213 describi,
961 1132 991 1209 ὅς
1005 1133 1056 1196 καὶ
1070 1132 1111 1196 τὰ
1125 1143 1253 1198 τοιαῦτα

86 1248 132 1301 τῶ
149 1235 230 1327 ἄκρῳ
247 1229 389 1322 δακτύλῳ
404 1233 537 1327 ἡψάμην,
552 1237 609 1303 sed
625 1237 753 1303 omnino
768 1236 888 1322 ubique
903 1241 1064 1303 terrarum
1081 1235 1153 1321 legi,
1169 1237 1251 1304 adeo

86 1349 125 1409 tu
148 1341 279 1428 quidem
302 1343 424 1422 omnia,
448 1344 495 1409 ita
517 1364 569 1408 me
592 1342 672 1408 dens
695 1348 796 1424 amet,
821 1342 956 1421 diserte,
980 1344 1172 1426 prudenter,
1195 1363 1275 1429 ap·²

86 1449 195 1534 posits
219 1448 396 1535 explicasti.
442 1450 510 1535 Ego
533 1455 643 1516 tamen
665 1452 702 1515 ut
724 1446 821 1528 soleo,
844 1468 982 1534 propere
1002 1448 1196 1534 transcripsi
1219 1455 1253 1514 et

88 1545 291 1648 ἰδιογέγραφα.
331 1554 464 1622 Utinam
487 1554 530 1622 sit
559 1555 592 1620 in
615 1553 676 1618 hac
700 1551 890 1620 difficillima
911 1559 1095 1638 temporum
1118 1552 1253 1623 difficul-

87 1665 169 1740 tate,
192 1660 279 1747 qnod
301 1666 335 1726 et
364 1666 402 1727 tu
425 1660 558 1727 caelesti
579 1659 735 1747 praeditus
760 1658 944 1747 eloquentia
972 1658 1108 1725 mereris
1138 1665 1172 1725 et
1193 1681 1253 1727 nos

87 1765 185 1832 amici
204 1765 336 1834 laudum
352 1772 482 1834 tuarum
497 1786 674 1852 praecones
698 1764 808 1830 videre
832 1765 987 1852 cupimus.
1022 1764 1112 1844 Vale,
1135 1763 1254 1833 doctis·

88 1871 171 1940 sime
193 1871 244 1938 vir
274 1872 429 1959 principis
452 1873 501 1940 tui
523 1877 665 1952 ornator,
696 1870 737 1936 de
752 1870 899 1938 Barariae
922 1869 1017 1938 domo
1040 1890 1080 1936 ac
1102 1876 1172 1938 toto
1195 1870 1253 1937 im·

86 1977 180 2064 perio
195 1977 341 2044 Romano
363 1977 446 2044 bene
461 1979 586 2059 merite,
609 1977 808 2066 praecipuum
823 1975 993 2060 communi,
1007 1975 1122 2064 patriae
1145 1976 1252 2052 decus.

87 2083 208 2150 Romae.
255 2083 346 2149 Anno
369 2083 454 2153 MJI.
478 2085 547 2149 D.²
592 2073 594 2077 ¹

107 2240 109 2244 .
180 2189 1254 2274 Gedruckt:1=O.r.e.gea;2=J.s.e.kii;3=O.r.e.11

86 2293 262 2364 fflbfflb

624 2383 719 2452 LXV.

161 2472 317 2542 sokneng.
603 2491 607 2497 ·
900 2471 984 2539 (naen
1005 2475 1019 2522 r
1039 2471 1108 2539 nug.
1130 2471 1218 2538 reas).

86 2573 217 2648 Petrus
240 2570 376 2648 Jacobi
398 2570 631 2668 ArlunensiS,
660 2570 879 2675 praepositis
906 2569 947 2644 in
971 2568 1178 2670 Baclrnang
1205 2593 1254 2644 an

578 2693 764 2771 Reuohlin

86 2817 185 2885 theilt
205 2816 276 2900 mit,
299 2816 375 2886 dass
398 2816 453 2886 R’s
476 2819 555 2886 rede
577 2839 635 2885 ror
657 2818 748 2885 Alex.
771 2818 817 2885 Vl
838 2817 898 2884 mit
920 2819 1103 2901 vergntigen
1126 2811 1255 2900 gelesen

84 2996 161 3048 nicht
178 2996 347 3062 bestimmen,
373 2996 419 3049 der
442 2998 524 3062 brief,
550 2998 598 3049 anf
617 2935 877 3064 deannestemberg
899 2994 1034 3057 hinweist,
1059 2992 1094 3042 ist
1116 2988 1191 3041 nieht
1216 3004 1255 3040 er·

85 3085 191 3149 halten3
220 3085 281 3136 dass
307 3101 335 3138 es
360 3085 431 3139 noch
456 3085 494 3136 irn
518 3086 595 3151 jahre
624 3087 693 3136 1498
718 3083 847 3151 geschah,
876 3082 945 3134 lehrt
969 3079 1153 3146 vorliegender
1177 3076 1255 3129 briei.

85 3161 160 3228 iiber
178 3173 222 3225 die
240 3173 316 3239 rede,
335 3175 382 3225 anf
398 3173 441 3225 die
459 3173 518 3226 hier
534 3175 620 3240 henng
640 3188 798 3240 genommen
816 3173 866 3235 ist,
884 3172 939 3239 vgl.
957 3167 1088 3222 Renohlin
1105 3184 1128 3220 s.
1150 3168 1199 3218 152
1218 3167 1255 3233 lg.

85 3263 130 3316 Sic
149 3263 187 3314 ist
203 3262 335 3328 gedrnclrt
350 3269 361 3313 1
376 3263 403 3312 in
416 3263 554 3331 folgender
566 3261 802 3330 separatansgabe:
822 3263 870 3312 nl)
884 3257 1132 3315 ALEXANDRUM
1146 3257 1254 3309 Sextum

83 3351 239 3420 pontificem
257 3351 401 3402 maximnm
411 3368 458 3418 pro
471 3351 594 3419 Philippo
607 3351 728 3401 Bouariae
748 3349 814 3399 dnce
827 3349 947 3401 Palatino
960 3348 1044 3398 Rheni
1056 3347 1130 3399 soen
1143 3345 1256 3398 Romani

84 3440 192 3506 Imperii
212 3439 326 3493 electore
344 3440 457 3491 «loannis
476 3439 604 3491 Renohlin
623 3438 779 3506 phorcensis
796 3437 871 3503 Legfi
891 3437 1004 3486 doctoris
1024 3437 1117 3486 oratio.
1139 3435 1178 3485 vii
1195 3432 1256 3486 idus

85 3527 202 3578 Sextiles
221 3530 298 3578 Anno
318 3530 414 3580 Mill).
433 3529 528 3579 Roma.
568 3527 673 3579 Darant'
682 3526 750 3594 lolgt
761 3525 932 3576 nnrnittelbnr
946 3525 991 3574 der
1004 3532 1059 3574 text
1075 3529 1104 3574 12
1124 3524 1171 3575 bll.
1184 3525 1212 3574 in
1225 3527 1255 3574 4⁰

84 3633 102 3667 a
115 3621 138 3666 1.
152 3615 195 3666 bis
209 3618 259 3679 ιθ,
271 3616 313 3667 die
327 3617 439 3684 librigen
451 3617 612 3684 nnpaginirt
638 3617 688 3667 Am
701 3614 768 3667 ends
782 3613 828 3665 der
840 3615 935 3665 letaten
948 3614 1014 3666 seito
1028 3613 1158 3683 nngessbr
1169 3613 1198 3663 in
1210 3611 1257 3664 der

83 3704 173 3754 mitte:
198 3703 329 3768 venetiis,
348 3705 439 3757 Galen.
458 3705 588 3772 Septemb.
609 3704 709 3756 rann.
747 3705 778 3754 ln
796 3701 897 3755 aedibus
921 3702 984 3753 Aldi
1002 3698 1117 3753 Manutil
1134 3699 1256 3752 Romani.

86 3797 158 3844 2:
175 3793 202 3843 J.
222 3809 247 3843 v.
268 3809 290 3844 e.
310 3811 328 3844 n
349 3796 379 3844 db
397 3794 440 3845 bis
458 3799 538 3864 ⁰3⁸3
563 3796 634 3844 ὃτ-
652 3793 752 3857 Msjns,
776 3791 795 3843 l.
815 3807 837 3842 c.
857 3806 878 3842 s.
899 3792 959 3841 195-
972 3789 1014 3842 bis
1034 3793 1095 3841 209.
1133 3789 1189 3838 Ant
1209 3802 1256 3837 nn·

84 3897 143 3932 sere
165 3880 228 3932 rede
251 3881 356 3934 berielrt
379 3881 436 3933 sich
462 3881 507 3933 der
529 3881 600 3932 briei
622 3897 678 3933 nro.
704 3879 784 3943 LXV,
794 3880 893 3931 ‘fernen
919 3880 961 3930 ein
986 3877 1125 3928 schreiben
1151 3875 1256 3926 conrad
1355 3932 1365 3953 ·.

83 3970 202 4021 Matiane
227 3986 261 4021 an
284 3969 374 4022 Urbes
400 3970 593 4034 (blutiansnher
617 3970 719 4021 briefw.
746 3969 791 4021 sol.
810 3971 844 4020 49
869 3969 919 4034 fg.;
944 3965 1053 4016 Tentcel
1081 3962 1170 4031 Suppl.
1192 3964 1255 4014 bist.

83 4057 162 4109 Goth.
181 4074 203 4108 s.
224 4061 257 4109 63
277 4058 325 4125 n),
351 4059 377 4108 in
403 4058 529 4110 walchem
553 4058 599 4113 der
627 4065 726 4111 erstere
752 4057 847 4121 tadelt,
875 4055 937 4106 dass
960 4055 989 4104 R
1016 4053 1067 4104 den
1091 4050 1256 4120 plnlsgrslen
1326 4050 1329 4055 '

81 4146 195 4198 dictator
213 4162 313 4211 nenne,
334 4147 425 4200 meint:
455 4147 503 4199 Vel
522 4163 618 4215 praees
638 4154 678 4199 est
696 4147 850 4214 provinciae,
873 4149 902 4194 ut
925 4141 1052 4209 magister
1076 4141 1192 4207 equitnm
1210 4145 1257 4192 ant

80 4235 208 4298 militurn,
234 4235 276 4286 vel
304 4236 426 4287 tribunus
451 4237 579 4300 celerum,
606 4236 649 4286 vel
674 4236 777 4302 legatus
801 4231 977 4300 imperatorie,
1004 4229 1047 4281 vel
1066 4244 1154 4281 eomes
1173 4228 1257 4296 largi·

79 4327 182 4376 tionum
209 4323 265 4374 uod
293 4322 366 4374 diere
391 4324 495 4375 snsicht
523 4324 593 4375 dsnn
620 4323 786 4377 anrfdhrlieh
814 4322 863 4385 mit
892 4318 1113 4401 quelleubelegen
1140 4317 1254 4381 otreio.

154 4419 165 4472 ι
188 4411 299 4475 comuni
319 4415 343 4471 2..
416 4416 430 4475 2
451 4412 550 4470 M.D.ll
568 4415 592 4470 d·
