2798 4980
676 322 738 389 133

123 518 220 583 etiam
243 517 363 584 certior
385 517 456 584 fieri
480 519 629 603 quisnam
651 519 706 586 ille
730 521 782 600 eit,
806 522 862 606 qni
885 522 1008 606 primus
1034 527 1074 588 72
1097 522 1170 588 haec'
1185 523 1289 608 signa·

122 622 193 687 cula
221 622 396 689 adinvenit.
443 625 583 690 Exaravi
612 631 720 690 antem
750 647 863 693 versus
891 627 1039 711 psalterii
1062 629 1209 712 apicibus
1233 629 1290 694 he·

122 728 248 807 braiois,
272 734 310 793 ut
333 728 548 808 characteres,
573 751 663 814 quos,
687 731 715 794 si
729 731 804 795 istic
820 751 929 796 coram
943 744 1060 812 essem,
1084 732 1184 816 digito
1200 754 1289 799 mou·

122 839 286 899 straturus
311 854 393 911 eras,
416 833 544 898 absenti
568 835 683 900 saltem
707 835 837 901 rubrica
861 836 1038 918 consignes.
1083 837 1120 901 ln
1143 838 1287 922 margine

122 937 260 1022 denique
285 938 372 1002 circa
403 939 544 1022 singulos
567 961 678 1005 versus
701 940 899 1023 signaculum
927 942 1034 1025 ipsum
1057 963 1131 1007 oum
1160 944 1289 1027 punctis

122 1043 187 1108 sive
211 1043 345 1109 vocibus
369 1043 553 1111 describere
578 1065 618 1109 ne
640 1045 815 1131 pigriteris.
861 1046 931 1111 Non
961 1046 1073 1111 addidi
1103 1067 1161 1131 ego
1184 1049 1288 1115 literis

121 1148 200 1230 meis
224 1168 329 1228 voees,
353 1156 423 1213 tum
447 1151 523 1235 quia
546 1150 701 1233 temporis
717 1149 859 1215 brevitas
874 1150 1051 1234 longiorem
1066 1152 1098 1216 in
1116 1153 1287 1219 scribendo

121 1273 171 1316 me
200 1273 271 1316 esse
300 1272 363 1317 non
395 1254 596 1339 patiebatur,
624 1261 694 1318 tum
723 1256 799 1339 quia
826 1275 947 1340 aeque,
978 1256 1045 1321 sive
1074 1260 1205 1341 punctis
1229 1278 1288 1324 seu

121 1357 254 1422 vocibus
270 1363 370 1442 atque
387 1359 485 1442 signis
497 1360 720 1443 jungerentur,
744 1359 912 1424 hebraicas
928 1360 1040 1426 literas
1055 1360 1162 1446 legere
1178 1362 1287 1428 calles.
1308 1374 1312 1383 “

212 1463 308 1527 Absit
325 1463 418 1541 enim,
441 1469 479 1528 ut
494 1483 565 1526 eam
589 1463 629 1529 de
654 1472 687 1529 te
704 1464 841 1529 habeam
857 1464 1041 1548 opinionem
1058 1486 1155 1550 quam
1170 1467 1290 1532 acerri-

120 1590 191 1632 mus
216 1567 272 1632 ille
296 1566 496 1632 Pfefferkorn
515 1569 535 1647 ¹,
559 1569 651 1653 cujus
675 1589 732 1651 ego
756 1569 788 1632 in
812 1575 845 1632 te
869 1569 971 1633 virum
994 1570 1198 1635 omnifariam
1214 1571 1289 1637 doc·

121 1673 303 1751 tissimum,
351 1672 574 1757 bebraicaeque
616 1673 731 1756 lingua
780 1673 1040 1757 expertissimum
1072 1675 1289 1742 calumnias¹

121 1778 243 1843 dolenti
267 1777 373 1842 animo
397 1778 469 1862 legi.
515 1778 790 1843 Circumfernuter
813 1777 933 1862 ubique
957 1779 1027 1862 ejus
1050 1780 1083 1844 in
1106 1786 1138 1844 te
1160 1781 1283 1865 scripta

122 1884 274 1948 etmulti
307 1883 410 1948 multa
439 1883 625 1968 loquuntur.
673 1882 760 1947 Nihil
788 1888 898 1948 autem
931 1883 1061 1964 gravius
1091 1883 1160 1949 fero
1190 1906 1287 1970 quam

120 1995 153 2056 te
175 2010 241 2054 non
272 2010 368 2073 posse
399 2010 458 2073 pro
490 1989 646 2072 dignitate
672 1987 856 2066 defensare,
890 2008 950 2052 uec
980 1988 1181 2053 detractores
1213 1995 1287 2056 tuos

120 2101 281 2181 quantum
316 2094 409 2178 cupio
440 2098 646 2177 repercutere
681 2113 785 2176 posse.
840 2094 946 2189 Quare
977 2115 1017 2158 ex
1053 2113 1088 2157 re
1119 2099 1177 2158 tua
1215 2115 1288 2161 esse

121 2199 332 2274 crediderim,
365 2200 391 2262 si
419 2198 564 2264 libellum
594 2218 691 2282 quem
714 2197 757 2261 ad
779 2192 920 2262 nobilem
951 2197 1153 2281 quemdam³
1181 2206 1215 2265 et
1242 2200 1290 2265 in·

118 2326 260 2389 genuum
290 2304 396 2368 virum
426 2303 584 2387 scripsisti
616 2303 658 2367 ad
686 2324 737 2367 me
766 2301 902 2368 dederis.
951 2304 1088 2387 Insuper
1118 2310 1152 2370 et
1178 2307 1288 2390 apolo-

118 2411 260 2494 geticum
280 2412 294 2449 ⁴
322 2409 350 2473 si
382 2430 477 2493 quem
500 2406 640 2487 edidisti,
665 2414 702 2472 nt
724 2407 871 2486 habeam,
895 2407 982 2492 quod
1006 2408 1282 2478 obtrectatoribus

117 2516 182 2581 tuis
205 2515 430 2598 respondeam.
476 2513 527 2578 Ita
551 2513 636 2577 enim
658 2534 709 2576 me
734 2513 821 2577 Deus
845 2519 945 2592 amet,
970 2519 1007 2577 nt
1030 2519 1120 2578 tuam
1144 2515 1285 2596 laudem,

118 2627 213 2687 tuum
257 2619 412 2686 honorem
456 2619 634 2703 praedicare
676 2623 710 2681 et
745 2615 942 2701 amplificare
981 2618 1105 2684 studeo.
1161 2621 1286 2686 Nititur

117 2726 204 2791 euim
227 2724 429 2790 Pfefferkorn
457 2744 573 2789 nomen
602 2731 694 2787 tuum
718 2729 751 2787 et
779 2721 909 2787 laudem
932 2721 1102 2789 obfuscare
1127 2730 1160 2790 et
1184 2726 1287 2789 extin-

116 2853 228 2916 guere,
244 2829 324 2895 sed⁵
341 2881 348 2895 .
365 2880 371 2894 .
389 2880 396 2895 .
420 2831 454 2896 Si
470 2831 554 2894 enim
570 2827 691 2894 Phoebo
712 2822 821 2892 lumen
838 2831 871 2890 et
887 2826 1038 2910 splendor
1054 2827 1152 2892 adimi
1168 2834 1287 2910 potest,

116 2943 151 3003 et
174 2935 237 3002 tibi
261 2949 389 3021 quoque
412 2935 524 3018 gloria,
547 2955 646 3019 quam
669 2941 738 2998 tum
762 2954 801 2997 ex
824 2932 896 3009 aliis
919 2932 1066 3015 plurimis
1095 2933 1161 2998 tuis
1192 2953 1287 2998 orna·

115 3043 253 3107 tissimis
276 3040 437 3125 operibus,
461 3046 530 3105 tum
553 3040 605 3104 vel
620 3038 758 3103 maxime
775 3059 815 3101 ex
831 3035 1021 3102 rudimentis
1037 3039 1101 3104 tuis
1123 3037 1286 3105 hebraicis

116 3153 312 3212 consecutus
345 3167 397 3225 es,
432 3145 561 3210 interire
593 3145 724 3228 poterit.
778 3145 827 3208 Ex
864 3142 930 3208 tuis
962 3143 1108 3227 inquam,
1151 3165 1214 3209 non
1248 3166 1289 3209 ex

115 3253 261 3336 cujusvis
284 3252 419 3316 alterius
437 3251 458 3329 ⁶,
482 3255 519 3314 ut
542 3249 742 3314 Pfefferkorn
766 3248 918 3313 blaterat.
965 3248 1026 3326 Qui
1050 3249 1136 3314 enim
1158 3271 1222 3315 non
1246 3251 1289 3316 sit

115 3365 197 3424 tuus
227 3357 310 3423 liber
343 3377 439 3441 quem
470 3361 561 3421 tanto
586 3355 709 3434 studio,
735 3360 788 3419 tot
812 3353 928 3437 vigiliis
953 3360 987 3420 et
1008 3353 1289 3422 lucubrationibus

116 3462 312 3530 confecisti?
586 3540 591 3549 ,

210 3567 271 3632 Est
301 3586 378 3632 sane
407 3570 484 3632 tuus
514 3565 597 3631 liber
627 3586 723 3650 quem
754 3586 869 3650 magno
893 3567 1048 3652 temporis
1072 3566 1233 3651 stipendio
1257 3572 1291 3633 et

699 3738 716 3776 ’lt

193 3828 203 3874 1
229 3825 286 3891 Vgl.
306 3825 370 3876 liber
386 3827 556 3890 l’sefferkorn‚
576 3826 622 3876 der
641 3829 667 3876 in
681 3827 726 3876 der
739 3827 958 3894 briefsammlung
974 3831 1028 3892 jent
1048 3845 1106 3878 num
1120 3837 1207 3880 ersten
1220 3825 1290 3877 mule

110 3917 265 3982 begegnet,
290 3915 375 3964 meino
402 3914 606 3981 abhandlungen
635 3917 674 3964 iu:
697 3915 822 3979 jiidische
845 3917 964 3967 zeitschr.
991 3918 1033 3966 fiir
1056 3917 1126 3966 vvies.
1154 3931 1178 3964 u.
1206 3914 1292 3976 leben,

108 4004 156 4058 bd.
181 4002 241 4065 Vll;
260 4002 353 4052 archiv
372 4003 390 4052 f.
403 4002 561 4053 Frankfurts
581 4004 734 4069 geschichte
754 4005 806 4054 und
819 4004 899 4054 kunst
916 4005 996 4069 18693
1015 4002 1153 4065 Reuehlin,
1174 4005 1198 4052 3.
1212 4001 1290 4053 buch.

108 4099 126 4146 2
148 4089 335 4143 Pfefl'crhorns
361 4091 467 4143 schrift:
490 4091 676 4159 bandspiegel,
704 4091 836 4142 Reuchlin
861 4107 881 4141 s.
903 4095 952 4140 243
982 4092 1009 4141 ff.
1082 4093 1105 4140 3.
1127 4090 1240 4140 Mission
1259 4105 1293 4140 un

105 4185 191 4234 einen
208 4177 360 4246 juukherrn
380 4179 527 4229 Pforzbeim
549 4183 615 4230 1505
635 4180 702 4230 oben
721 4198 778 4231 nro.
794 4179 968 4231 nxxxxvn.
1042 4183 1057 4228 4
1077 4175 1294 4245 apologeticum]

104 4273 156 4323 der
184 4266 380 4334 arigenepiegel
405 4269 524 4317 ersobicn
557 4275 610 4318 eret
642 4269 729 4334 einige
758 4267 866 4318 vrechen
893 4272 983 4334 spttter
1008 4266 1185 4318 berbstmesse
1214 4270 1290 4318 loll.

100 4365 120 4414 5
143 4362 176 4412 ln
205 4357 253 4407 der
279 4354 478 4420 lrdsebr.'folgt
500 4357 547 4406 das
573 4356 817 4408 unverstttndliohe:
843 4355 889 4411 sed
915 4356 977 4413 litus
1004 4363 1068 4411 arat·
1141 4355 1203 4409 68.
1227 4356 1293 4406 iiber

98 4452 199 4517 preren
223 4443 358 4507 vorvurlt
378 4443 504 4507 beueblio
525 4463 547 4494 ⁸·
568 4448 618 4507 244,
638 4461 663 4504 u·
684 4448 733 4504 252
754 4445 790 4512 fg·
