2798 4980
662 291 728 358 256

203 481 310 560 Quare
341 480 403 548 tibi
438 480 652 566 persuadeas,
687 487 721 546 et
767 481 1066 567 archipresulem¹
1098 504 1203 551 meum
1230 486 1264 551 t'

113 594 276 654 amantem
300 609 370 654 esse
387 594 420 653 et
443 589 584 670 graviter
599 586 829 652 lacerationem
853 594 918 653 tuae
942 587 1038 655 samae
1061 589 1157 656 ferre.
1187 590 1265 662 Croto

113 693 162 759 tui
193 692 324 759 honoris
361 693 474 759 sedulo
517 693 751 776 propugnatori
788 693 966 759 libellum¹
1007 700 1073 760 tuse
1110 695 1266 780 dignatiou

113 798 306 864 mittendum
330 797 467 877 tradidi,
496 804 533 863 ut
561 804 594 862 te
624 820 662 864 eo
693 797 809 864 melius
838 798 1007 866 defendas.
1061 801 1154 879 Quod
1185 800 1211 867 si
1234 799 1264 866 ab

114 903 164 970 his
179 903 349 969 calumniis
371 902 439 970 ullo
462 903 558 970 modo
582 910 614 969 te
630 904 793 969 vindicare
809 904 947 989 quirem,
970 905 1089 971 credas
1112 926 1202 973 omne
1221 911 1263 971 tuo

113 1009 241 1077 nomine
264 1009 407 1075 subirem
429 1029 520 1076 onus.
567 1009 639 1075 Non
664 1031 713 1074 me
736 1008 879 1075 Hercule
902 1009 1040 1094 aliquod
1063 1012 1168 1098 majus
1188 1011 1263 1078 bene

113 1113 221 1181 ficium
244 1136 295 1180 me
317 1117 350 1181 in
372 1123 404 1181 te
428 1114 576 1181 conferre
599 1114 772 1201 putabam,
807 1136 906 1200 quam
937 1121 974 1181 ut
1007 1122 1102 1182 tuum
1130 1116 1261 1184 honorem

113 1241 174 1306 pro
197 1227 309 1287 nostro
325 1242 435 1287 amore
459 1242 524 1305 qua
539 1242 668 1305 possem
684 1219 843 1287 fidelitate
863 1220 1078 1289 defensarem.
1125 1223 1260 1290 Ceterum

115 1346 180 1411 quo
213 1326 340 1410 planius
373 1327 433 1392 tibi
466 1327 678 1407 innotescam,
716 1348 806 1393 meas
837 1327 978 1413 ineptias
1011 1349 1096 1414 quas
1130 1329 1260 1395 adversus

114 1432 357 1517 pestilitntem⁸
387 1433 473 1499 edidi
503 1433 599 1499 simul
623 1433 665 1498 ad
693 1439 727 1498 te
750 1433 859 1512 mitto,
888 1455 952 1499 uon
975 1434 1067 1519 quod
1090 1435 1200 1501 ducam
1218 1453 1258 1500 eas

114 1543 173 1604 tua
187 1537 325 1605 lectione
341 1540 462 1623 dignas,
487 1539 544 1605 sed
560 1546 597 1605 ut
617 1545 708 1604 tuam
724 1538 833 1604 limam
849 1538 992 1605 subeant
1008 1546 1043 1605 et
1057 1562 1162 1607 meum
1177 1539 1259 1622 singu·
1295 1565 1296 1568 ¹

92 1636 216 1709 larem
240 1665 317 1728 erga
341 1653 374 1710 te
397 1666 541 1710 amorem
564 1650 736 1710 testentur.
783 1645 848 1711 Oro
876 1644 978 1729 igitur
1003 1651 1152 1712 nostram
1172 1643 1256 1711 amici·

115 1748 199 1816 ciam
221 1771 283 1815 noo
310 1750 465 1835 explodas
490 1756 524 1815 et
546 1771 606 1816 nos
622 1752 686 1816 tuis
702 1751 815 1817 amicis
832 1770 1058 1819 connumeres.
1090 1753 1167 1819 Vale
1180 1748 1256 1817 felici

114 1855 260 1939 auspicio
284 1855 455 1923 literarum
480 1856 580 1922 decus
609 1864 643 1921 et
673 1877 725 1922 me
754 1861 788 1921 te
811 1862 978 1923 amantem
1009 1857 1152 1925 redama.
1191 1853 1255 1923 Prid

115 1961 189 2027 Kal.
213 1961 376 2047 Septemb.

190 2051 366 2150 ¹Gedrucht:
384 2093 426 2124 =
441 2071 469 2131 J.
488 2087 514 2130 v.
532 2089 557 2132 e.
574 2091 599 2131 z.
619 2074 664 2130 4⁸.
689 2070 757 2130 Asa.

616 2296 787 2364 CCXXIII.

188 2384 282 2437 Gutta.
1005 2391 1037 2438 13
1058 2389 1128 2456 sept.
1146 2389 1231 2456 (rnre.)

346 2473 536 2551 Mutianus
563 2475 761 2576 Presbyter
790 2501 839 2549 an
866 2474 1054 2551 Reuchlin

114 2621 204 2703 hullt,
228 2623 303 2689 dass
326 2622 483 2688 Reuchlin
508 2622 611 2689 durch
634 2623 685 2689 die
710 2622 869 2689 rilmische
896 2623 1134 2710 entscheidung
1157 2624 1202 2690 die
1221 2643 1256 2706 ge

114 2729 278 2795 wiinschte
295 2728 374 2794 ruhe
399 2728 546 2795 erhalteu
570 2728 664 2794 habe.
704 2728 798 2795 Scine
821 2750 940 2812 gegner
963 2730 1099 2796 wilrden
1122 2728 1257 2797 vonalleu

113 2835 280 2915 carduchi,
305 2857 341 2900 er
364 2833 447 2899 hoch
470 2834 593 2917 geehrt.

203 2941 253 3007 Ad
291 2962 341 3005 me
376 2938 520 3023 quotidie
563 2939 731 3006 confluunt
769 2938 844 3005 boni
886 2939 1130 3020 adolescentes,
1165 2937 1259 3024 quihus

114 3045 259 3131 Capuion
283 3052 333 3112 est
356 3045 388 3110 in
412 3066 468 3110 ore
492 3046 580 3110 etin
604 3051 747 3129 pectore,
771 3044 822 3110 bic
834 3065 904 3110 sese
921 3062 1065 3128 graeeum
1089 3046 1203 3131 probat
1220 3040 1259 3107 ille

690 3174 708 3212 ,Β
870 3166 874 3173 ,

115 3266 169 3316 Der
186 3263 368 3316 stromerisehe
383 3264 485 3316 bericht
504 3265 538 3314 iet
557 3264 624 3315 ohne
643 3264 743 3314 uweisel
762 3262 1032 3330 wahrheitsgetreuer,
1052 3266 1205 3316 Huttenbst
1219 3259 1261 3313 sloh

114 3353 244 3404 eutweder
270 3353 316 3404 des
343 3369 476 3420 vorgengs
502 3354 576 3403 nicht
602 3353 674 3403 mehr
698 3368 784 3420 ganan
811 3353 938 3416 erinnert,
966 3352 1030 3402 oder
1055 3354 1102 3404 ihn
1125 3347 1261 3406 sbsiehtlieh

29 3444 45 3456 ‘'
114 3440 242 3492 sordreht.

189 3535 198 3581 l
222 3528 455 3595 Archipeaesulum.
487 3534 508 3579 1.
600 3528 812 3580 2Pfefferhorns
838 3528 964 3580 defensio.
1049 3532 1064 3580 3
1088 3526 1210 3598 Ineptias]
1232 3525 1262 3576 die

114 3618 208 3670 schrift
219 3617 338 3669 erschisn
351 3625 427 3668 unter
440 3618 498 3667 dem
512 3618 581 3668 titel:
604 3617 747 3667 HENRICI
760 3615 943 3668 STROMERS
963 3616 1168 3683 nvssssncfflt,
1182 3617 1188 3684 Ι
1200 3613 1263 3685 medi·

114 3709 173 3758 ciue
205 3706 334 3770 doctoris,
367 3705 540 3757 saluberrime
568 3706 693 3755 aduersus
734 3703 921 3775 pestillentiem
953 3704 1166 3770 obseruationes,
1190 3715 1263 3757 recens

114 3798 202 3848 edite:
234 3798 349 3862 {Aeque
382 3792 539 3860 pauperihus
567 3800 679 3860 prosunt
706 3792 884 3859 locupletibus
915 3808 996 3858 aque.
1013 3793 1019 3859 Ι
1036 3795 1128 3860 Aeque
1157 3793 1263 3860 neglecle.

113 3888 200 3953 pueris
225 3884 383 3948 senibusque
409 3883 550 3933 nocebunt.
569 3883 573 3947 Ι
590 3882 660 3932 'Iitel
683 3882 709 3931 in
736 3883 797 3932 sehr
820 3883 932 3933 schbner
950 3881 1209 3950 leisteneinfsssung,
1228 3878 1263 3931 nit

114 3973 214 4025 ellerlei
235 3973 376 4039 grotesken
395 3973 496 4037 figuren
517 3971 639 4033 veruicrt,
667 3978 747 4021 uuten
768 3973 783 4020 3
804 3969 889 4021 bilder
914 3971 961 4021 mit
980 3969 1030 4020 den
1050 3971 1228 4040 ausschrillen:
1244 3967 1262 4016 S.

113 4062 312 4114 MAURICIVS.
351 4061 376 4111 S.
402 4059 593 4110 MARTINVS.
611 4060 616 4123 Ι
633 4059 658 4109 S.
685 4058 915 4124 aduniamur
943 4058 1066 4146 4bqgsn
1091 4061 1119 4110 in
1138 4060 1178 4124 4⁰,
1195 4055 1262 4118 hh

114 4150 134 4199 C
154 4149 170 4199 ls
190 4153 213 4212 6,
232 4150 255 4197 D
275 4149 291 4198 la
311 4150 326 4198 5
346 4147 392 4199 bil.
431 4147 479 4196 Am
500 4147 576 4197 ende:
596 4148 753 4212 impressore
773 4146 913 4197 Valentino
927 4146 1061 4199 Schuman
1080 4149 1156 4214 Ayus
1173 4164 1189 4198 s
1205 4142 1263 4197 Chri·

114 4237 200 4286 stiana
219 4236 303 4287 solute
322 4235 440 4285 MDXVI
460 4235 546 4286 Pridie
566 4235 627 4285 Kal.
645 4234 731 4285 Junii.
770 4235 900 4285 Duruuter
918 4236 959 4285 eiu
979 4234 1263 4288 buehdruckerseiohen.

114 4323 180 4373 Eine
192 4323 318 4380 deutsche
331 4324 508 4391 iibersotzung
524 4325 644 4375 ersobien
657 4323 684 4372 in
698 4323 849 4374 demselbeu
863 4323 946 4390 jshre.
971 4322 1083 4391 Leipzig
1101 4323 1145 4376 bei
1157 4322 1265 4374 ldelchiur

115 4409 231 4462 Lotther.
