2798 4980
677 314 744 379 286

125 501 167 568 de
198 502 296 570 serbo
331 502 465 570 mirilico
489 502 685 586 Vangiornm
716 501 857 569 antistiti
885 505 1033 587 psalmos
1067 505 1097 574 S.
1124 503 1270 573 Athanasii

122 606 239 675 Iacobo
270 608 402 674 Aurelio
432 608 702 692 Questembergo‚
737 606 923 674 rudimenta
954 611 1113 678 hebraica
1139 612 1270 697 Dionysio

123 711 217 778 fratri
244 735 316 779 meo
352 735 505 798 germano
540 713 721 791 sacerdoti,
755 716 1007 782 commentarios
1038 717 1073 781 in
1093 717 1268 801 poenitentic

120 818 264 902 psalmos
291 819 462 887 hebraicos
484 819 608 886 Jacobo
637 819 758 902 Lempo
786 818 955 905 theologia
975 822 1126 906 jurisque
1156 822 1269 889 doctori

120 923 214 991 Nunc
240 917 414 1016 περιοδικῶς
443 925 487 991 ad
516 946 641 991 summa
671 926 848 990 reuertenti
876 926 1046 1010 proximus
1076 949 1111 994 es
1142 934 1179 994 tu
1199 925 1270 1006 nihi,

119 1029 279 1111 Adriane,
303 1037 436 1098 senatus
459 1030 628 1117 apostolici
652 1031 764 1110 decus,
787 1053 885 1116 quem
908 1038 960 1097 tot
986 1032 1060 1099 orbi
1084 1033 1198 1114 litere,
1216 1039 1268 1097 tan

121 1133 308 1221 trequentes
343 1158 443 1203 musae
475 1139 625 1202 universo
655 1137 898 1218 commendant,
929 1137 1013 1204 libet
1049 1140 1135 1205 enirn
1164 1138 1268 1223 relique

123 1240 242 1308 decora
277 1243 425 1331 nominis,
453 1244 501 1308 tui
531 1243 571 1307 iis
611 1242 807 1308 celebranda
855 1243 1042 1328 relinquere
1081 1244 1197 1330 quibus
1230 1248 1268 1311 est

119 1346 356 1414 immortalibus
386 1348 484 1432 digna
518 1348 671 1433 operibus
706 1348 900 1432 eloquentia.
959 1349 1125 1417 Oaeterum
1154 1350 1267 1419 suntin

120 1453 222 1519 oculis
245 1454 386 1520 omnium
410 1475 481 1540 qun
504 1453 601 1520 fidem
626 1454 780 1520 doctrinae
803 1461 861 1519 tua
884 1453 1011 1521 iaciunt
1033 1461 1070 1522 et
1091 1477 1151 1542 ego
1165 1454 1266 1540 magnis

119 1560 243 1644 accipio
265 1561 418 1641 testibus,
448 1561 610 1644 impendio
634 1567 668 1626 te
691 1583 755 1627 non
777 1560 1004 1628 communibus
1034 1561 1132 1631 modo
1163 1560 1267 1641 studiis

119 1664 178 1733 aed
200 1665 362 1732 hebraicis
384 1687 512 1751 quoque
536 1666 619 1731 raris
642 1665 707 1731 illis
730 1666 896 1732 oblectari.

210 1773 296 1852 Quo,
338 1771 607 1837 excellentissime
647 1771 912 1856 presbyterorum
945 1772 1146 1857 Archegeta‚
1168 1772 1265 1841 librum

119 1898 217 1964 quem
241 1879 281 1943 de
304 1877 495 1944 accentibus
526 1884 561 1943 et
582 1876 815 1963 orthographia
837 1879 953 1964 linguae
977 1879 1141 1947 hebreice
1153 1879 1265 1962 insorip

118 1989 189 2051 tum
211 1983 301 2050 sides
324 1983 385 2050 tibi
408 2004 558 2068 nuncupo
579 1985 598 2047 ¹.

343 2080 346 2085 Α
582 2101 667 2160 hiber
684 2101 828 2159 secundus.
1223 2140 1226 2145 «

207 2194 335 2261 Satisne
369 2195 452 2276 jam,
480 2214 522 2259 an
550 2193 655 2258 minus
688 2190 891 2277 grammatici
925 2188 1038 2258 officio
1070 2191 1104 2258 in
1133 2188 1265 2258 hebraica

120 2299 229 2385 lingua
251 2298 355 2366 iuncti
379 2301 494 2381 simus,
523 2306 616 2366 tuum
640 2306 710 2365 esto
730 2298 909 2383 judicium,
938 2297 1082 2364 Adriane
1114 2295 1265 2365 cardindis

116 2406 394 2487 reverendissime,
418 2407 475 2492 qui
497 2412 574 2472 ‘ante
590 2427 692 2471 annos
718 2409 757 2468 12
782 2403 822 2469 de
833 2402 976 2488 judaicis
991 2403 1097 2469 literis
1120 2410 1155 2471 at
1175 2420 1265 2470 earum

116 2513 147 2577 ui
163 2533 202 2578 ec
216 2518 394 2597 potestate,
411 2519 480 2579 tum
497 2513 537 2578 de
554 2511 725 2597 primitivis
741 2508 945 2588 dictionibus,
960 2509 1048 2575 unde
1064 2508 1266 2577 solentceters

116 2618 275 2686 vocabula
290 2618 455 2704 proficisci
478 2619 521 2684 sd
545 2627 725 2685 extremum
750 2616 789 2682 de
813 2621 885 2681 arte
900 2614 1086 2681 literatoria
1108 2631 1265 2701 perquem

116 2725 285 2793 derivandi
309 2747 347 2791 ac
377 2723 564 2792 inflectendi
595 2730 707 2809 partes
730 2721 887 2789 orationis
917 2727 968 2786 est
992 2722 1071 2786 data
1094 2717 1265 2789 lacultssiu

115 2831 221 2898 tribus
249 2833 504 2899 rudimentorum
528 2838 713 2896 nostrornm
737 2828 828 2894 libris
854 2827 1116 2912 conscripsimus.
1164 2822 1265 2894 Deinde

114 2938 283 3023 aliquanto
313 2945 387 3024 post
410 2941 556 3022 tempore
585 2957 744 3002 canonum
776 2934 1003 3019 experimenta
1025 2941 1061 3000 et
1083 2933 1264 3019 operationes

115 3043 148 3110 in
171 3044 370 3130 psalmorum
401 3051 525 3128 septem
555 3041 798 3110 commentariis
834 3038 1041 3106 absolvimus.
1087 3039 1179 3106 Nunc
1206 3052 1262 3103 sero

113 3152 200 3237 quod
215 3152 280 3218 arti
302 3150 408 3216 adhuc
423 3150 537 3217 deerat
552 3149 593 3215 de
616 3147 806 3214 accentibus
830 3152 864 3212 et
886 3151 976 3211 recte
993 3144 1158 3212 scribendi
1178 3139 1267 3208 modis

112 3257 358 3324 tractavimus.²
395 3258 438 3322 lit
459 3256 590 3342 quidem
605 3255 774 3322 ferendum
797 3258 869 3320 erat
889 3251 923 3317 in
946 3250 1007 3318 boc
1023 3271 1169 3319 cessasse
1183 3253 1262 3332 atquo

695 3441 712 3480 Ἰ(

188 3578 198 3626 l
221 3575 270 3626 Die
291 3576 413 3644 fulgenda
432 3576 521 3640 stelle,
549 3575 591 3627 die
610 3590 659 3626 nur
679 3574 721 3623 oin
740 3570 1005 3625 inbaltsserzeicbnis
1024 3572 1071 3624 des
1096 3570 1195 3625 werkss
1209 3562 1258 3635 sill

114 3663 150 3719 tst
168 3666 346 3734 anagolassen.
384 3667 424 3719 An
443 3667 485 3717 die
504 3666 652 3730 einleituug
671 3679 731 3714 uum
751 3669 836 3714 ersten
856 3658 970 3713 schliellt
993 3662 1053 3715 sioh
1073 3661 1116 3712 die
1135 3676 1166 3711 sn
1183 3655 1259 3711 Aldu

111 3755 257 3821 geriobtete
276 3754 422 3822 einleitung
441 3772 501 3806 unm
520 3755 629 3804 uweltcn
655 3751 748 3803 buche.
823 3736 987 3815 riennes,
1014 3751 1064 3800 wie
1092 3751 1119 3800 in
1142 3748 1196 3800 dem
1217 3757 1260 3793 vor·

111 3843 255 3895 stehenden
281 3844 353 3894 utblt
374 3843 435 3894 dub.
461 3844 581 3894 Securius
607 3845 633 3891 in
660 3843 744 3891 einem
770 3841 984 3907 gatgemeinten,
1009 3837 1073 3890 abor
1097 3832 1209 3889 schlesbt
1226 3844 1260 3897 ει·

110 3931 245 3999 lungenen
273 3933 447 4000 epigramme,
477 3932 523 3982 dss
546 3931 604 3982 sich
632 3948 673 3982 sm
698 3929 819 3980 scblnsse
837 3928 883 3979 des
908 3927 1007 3978 huches
1032 3926 1065 3978 de
1084 3921 1258 3978 accendbustl

113 4019 303 4088 orthographia
321 4020 412 4083 findet,
431 4021 575 4071 Bouchlins
595 4019 681 4070 werke
699 4018 766 4068 iiber
784 4017 830 4067 des
850 4015 1008 4067 bebrtisohe
1027 4017 1085 4066 aul:

225 4107 269 4159 Jo.
290 4111 411 4161 Secerins
430 4108 593 4160 banchensis
612 4108 748 4158 literarum
768 4120 901 4157 sacrarum
919 4102 1055 4155 studiosis.

292 4199 343 4262 Qui
362 4199 435 4266 cupit
454 4196 584 4248 bebraesm
603 4212 661 4247 sese
680 4195 746 4246 duce
765 4208 874 4246 noscere
893 4192 1012 4259 lingnam

327 4287 356 4336 ln
375 4289 462 4353 osplts
480 4287 600 4353 primurn,
619 4283 704 4334 biblia
722 4283 827 4333 hebrrea
845 4289 927 4333 secet.

292 4375 393 4425 Deinde
413 4375 560 4424 rudimenta
575 4373 683 4438 judaica
701 4371 852 4439 esperone,

326 4463 394 4514 'lum
412 4469 511 4532 septem
530 4462 648 4534 psalmos
666 4461 802 4530 expositos
820 4458 930 4528 relegat.
