2798 4980
673 106 735 174 149

620 295 791 366 CXXXIV.

190 382 269 436 carn.
1018 391 1157 443 annuat
1178 395 1255 446 1512.

117 470 159 545 F.
171 469 365 546 conradus
380 470 512 545 Kollin
530 471 576 548 de
587 472 712 571 Ulma,
727 474 926 576 theologiae
937 477 1132 577 professor,
1148 481 1289 557 ordinis

117 594 421 690 Praedicatorum,
438 595 583 694 egregio
597 597 846 698 imperialium
859 598 985 698 legum
995 599 1136 676 doctori
1145 603 1173 677 J
1173 604 1289 680 oanni
1381 654 1386 667 ·

116 715 302 791 Reuchlin
334 715 537 792 Sueuorum
565 715 896 795 Confoederationis
932 723 1141 822 aequissimo
1168 726 1288 824 judici

117 865 202 915 cum
248 838 569 915 commendatione
613 842 770 917 salutem
814 844 1016 946 plurimam
1061 858 1097 922 et
1141 875 1281 926 annum

601 963 801 1040 foelicem1.

205 1155 391 1223 clarissime
407 1155 535 1224 domine
551 1155 673 1238 doctor,
696 1156 798 1223 mittit
819 1156 958 1224 facultas
974 1165 1088 1230 nostra
1102 1163 1283 1252 theologica

114 1259 327 1343 Coloniensis,
344 1283 415 1348 qua
431 1261 641 1328 emendandae
658 1260 810 1328 videntur
824 1263 1071 1348 propositiones,
1099 1290 1179 1353 quas
1194 1275 1280 1337 trao-

115 1371 204 1433 tatus
240 1373 348 1434 vester
379 1368 532 1450 continet,
562 1372 735 1453 optatque,
763 1372 800 1432 ut
823 1387 921 1452 super
945 1372 1168 1440 emendatione
1199 1376 1283 1460 ejus·

114 1470 203 1537 modi
226 1472 483 1557 propositionum
514 1473 707 1558 quantocius
730 1477 872 1537 mentem
894 1480 1037 1543 vestram
1060 1477 1165 1545 eidem
1189 1479 1285 1565 signi·

112 1575 227 1642 ficetis.
273 1577 428 1662 Arguitur
451 1599 579 1664 nanque
602 1577 811 1663 negligentiae,
845 1578 922 1662 quia
945 1601 1009 1645 nou
1032 1582 1116 1666 agit,
1145 1589 1183 1649 ut
1206 1605 1277 1668 qua

114 1680 255 1767 plurimo
287 1682 440 1749 scandalo
464 1688 554 1764 sunt,
586 1683 799 1750 emendentur
822 1688 882 1748 etc.
929 1683 1125 1751 charissime
1149 1687 1277 1754 dominc

112 1786 237 1867 doctor,
261 1807 324 1851 non
348 1786 470 1869 dubito,
494 1788 679 1854 Dominatio
702 1794 812 1854 vestra
835 1786 977 1854 confidat
999 1789 1033 1854 in
1063 1811 1115 1856 mo
1138 1796 1175 1857 ut
1197 1792 1277 1857 ami·
1370 1797 1384 1813 “

112 1913 186 1958 cum
218 1897 252 1958 et
277 1892 424 1976 profecto
452 1894 548 1959 amici
571 1915 686 1960 munus
715 1891 841 1959 effecise
865 1899 899 1959 et
921 1893 1030 1961 facere
1057 1917 1109 1961 me
1133 1896 1277 1963 arbitror

113 2004 147 2063 et
170 2002 208 2062 ut
230 1997 353 2063 amicus
376 1999 509 2065 consulo
532 1998 681 2066 fideliter.
716 1999 780 2064 Res
799 1998 833 2063 in
850 2019 888 2064 eo
904 2003 995 2066 statu
1011 2006 1077 2067 est:
1102 1999 1281 2068 Effeceram

115 2123 185 2186 eg0,
209 2108 246 2167 ut
267 2101 407 2171 facultas
431 2104 520 2171 dicta
542 2104 633 2170 vobis
656 2103 781 2188 pariter
804 2124 877 2170 cum
899 2105 1175 2189 propositionibus
1201 2108 1283 2173 scri-

116 2207 212 2274 beret
244 2229 357 2274 earum
391 2208 567 2290 defectum,
606 2209 747 2295 qualiter
781 2207 881 2275 etiam
913 2209 1120 2278 emendanda
1156 2219 1279 2294 essent3

116 2320 375 2398 supervenerunt
405 2314 479 2379 hinc
512 2313 588 2381 inde
617 2315 741 2398 scripta
773 2336 844 2399 qua
871 2320 1049 2380 tractatum
1078 2315 1171 2382 illum
1202 2337 1274 2401 gra

115 2419 202 2484 viter
228 2424 398 2498 accusant,
427 2418 523 2485 simul
547 2425 580 2484 et
601 2419 792 2485 facultatem
814 2419 934 2506 ipsam,
958 2420 1121 2505 quianon
1144 2419 1282 2487 celerius

115 2529 233 2590 contra
256 2523 516 2590 Dominatiouem
544 2530 686 2591 vestram
715 2525 872 2616 procedat
901 2530 1000 2609 atque
1028 2523 1148 2590 librum
1170 2524 1279 2607 ipsum

114 2627 318 2694 condemnet.
364 2629 486 2708 Quibus
508 2636 658 2716 permota
680 2629 819 2696 facultas
840 2630 913 2715 ipsa
935 2628 1113 2694 consultius
1144 2627 1214 2694 fore
1233 2629 1287 2713 ju·

115 2735 247 2817 dicavit,
280 2736 308 2801 si
330 2735 567 2820 propositiones
598 2737 676 2821 ipsae
706 2735 811 2819 primo
835 2733 1055 2800 Dominationi
1084 2739 1202 2799 vestrae
1231 2755 1284 2800 ex-

114 2839 301 2906 hibeantur.
346 2842 490 2909 Possetis
512 2863 650 2927 nanque,
674 2847 711 2906 ut
733 2841 839 2925 ajunt,
863 2837 945 2905 velle
959 2898 962 2903 .
975 2838 1158 2924 protervire
1186 2846 1286 2924 atque

115 2947 353 3012 contumaciter
376 2968 448 3032 quae
483 2946 658 3033 scripsistis
682 2945 861 3026 defensare,
891 2965 956 3029 quo
984 2942 1092 3025 fieret,
1121 2949 1159 3011 ut
1190 2943 1287 3010 aliter

115 3050 295 3137 procedere
319 3058 493 3135 oporteret.
539 3053 585 3119 Ut
608 3072 682 3135 ergo
706 3051 845 3117 facultas
868 3050 940 3133 ipsa
962 3070 1025 3115 non
1048 3047 1197 3115 videatur
1212 3070 1287 3134 par·

114 3156 207 3224 tialis
217 3161 320 3242 ,atquc
331 3157 427 3224 uobis
443 3157 617 3238 colludere,
632 3156 735 3223 voluit
750 3157 855 3241 primo
872 3154 1025 3221 exhibere
1036 3153 1285 3240 propositiones,

120 3282 259 3346 sperans
273 3289 276 3295 ¹
290 3261 334 3327 ad
362 3284 466 3329 meam
496 3263 715 3348 sponsionem,
746 3261 833 3348 quod
862 3267 899 3326 ut
921 3261 1024 3327 virum
1048 3259 1167 3326 bonum
1196 3259 1292 3327 decet

115 3388 184 3432 non
215 3367 409 3435 recusabitis
436 3390 509 3450 vos,
531 3370 628 3434 immo
653 3368 754 3452 magis
778 3366 1015 3452 propositiones
1039 3370 1073 3430 et
1096 3365 1187 3431 diota
1210 3364 1286 3431 sub·

116 3473 251 3539 mittere
284 3475 478 3541 correctioni
517 3473 700 3555 facultatis,
740 3493 812 3558 quae
848 3493 888 3537 ex
919 3478 995 3557 post
1029 3470 1289 3536 Dominatiouem

116 3584 261 3645 vostram
284 3580 378 3664 plene
401 3579 600 3661 informabit,
622 3579 656 3645 in
680 3600 743 3664 quo
768 3578 857 3643 dicta
888 3576 998 3660 aliqua
1029 3573 1191 3640 deficiant.
1238 3574 1290 3637 In-

115 3684 348 3751 formationem
372 3707 501 3770 quoque
525 3685 618 3753 dabit
641 3684 730 3751 salvo
753 3683 876 3750 honore
901 3686 942 3747 ea
969 3679 1170 3746 emendandi.
1217 3677 1290 3743 Non

117 3795 172 3858 est
194 3790 335 3857 facultas
357 3790 401 3855 ad
424 3790 644 3857 confusionem
667 3787 903 3855 Dominationis
926 3790 1051 3866 vestrae,
1086 3783 1144 3850 sed
1166 3781 1209 3850 ad
1226 3782 1288 3849 sal-

114 3896 258 3966 vandum
287 3894 443 3961 honorem
471 3917 590 3981 prona,
614 3917 687 3962 cum
710 3900 761 3961 tot
783 3915 842 3980 per
865 3913 917 3958 mc
940 3890 1121 3976 percipiant
1144 3888 1290 3973 egregias
1320 3950 1323 3956 .

114 4000 358 4074 Dominationis
381 4006 497 4068 vestra
518 4001 643 4069 laudes.
667 3999 852 4067 Dominatio
875 4001 985 4064 vestra
1007 3994 1041 4060 in
1061 3993 1123 4062 hoc
1140 4015 1197 4061 oro
1214 4016 1288 4080 sup·

696 4153 712 4193 a

187 4251 198 4298 1
219 4244 304 4298 ohne
323 4241 465 4298 autichrift
485 4246 510 4293 2.
