2798 4980
677 316 740 384 153

118 507 325 591 synceritate,
348 505 525 574 secundum
548 505 635 591 quod
658 505 749 572 vobis
766 505 868 572 visum
889 504 942 586 sit,
965 525 1017 572 me
1032 498 1288 591 expurgaverim.

119 611 181 678 Ubi
204 611 351 696 profecto
374 613 478 679 latere
500 633 564 678 non
585 617 695 695 potest
713 613 733 692 ¹,
757 611 815 678 sed
845 632 880 677 se
904 612 1007 696 ipsam
1030 611 1126 696 plane
1147 613 1292 679 ostendit

113 714 230 800 ingens
253 717 356 785 virtus
380 716 571 785 humilitatis
595 722 724 798 vestra,
748 717 805 802 qui
828 722 865 783 ut
888 716 1056 783 unanimes
1081 717 1288 801 idemipsum

112 822 307 903 sentiamus,
330 822 410 888 nihil
433 844 492 906 per
515 823 764 903 contentionem,
788 843 892 907 neque
915 843 975 907 per
996 822 1127 888 inanem
1149 821 1285 906 gloriam

108 928 146 994 in
171 949 255 995 vera
276 928 409 1014 quidem
431 926 616 994 humilitate
638 950 659 995 a
681 950 733 995 me
758 927 893 1014 poscitis
921 926 1111 994 ulteriorem
1142 926 1291 993 declara-

107 1035 241 1101 tionem
264 1035 331 1100 sive
354 1033 624 1114 informationem,
646 1040 684 1099 ut
706 1033 810 1099 literae
826 1038 942 1099 vestra
961 1039 1078 1098 sonant
1094 1034 1116 1113 ²,
1140 1027 1290 1117 ego'vero

104 1159 300 1225 agnoscens
322 1138 442 1222 ingenii
465 1137 528 1204 mei
551 1137 763 1218 tenuitatem,
791 1138 878 1224 quod
902 1138 1007 1204 sentio
1030 1159 1127 1223 quam
1155 1138 1199 1204 sit
1225 1138 1291 1204 exi·

107 1265 235 1329 guum,
266 1243 428 1328 explicare
456 1242 654 1327 theologicas
684 1242 883 1310 subtilitates
913 1243 991 1309 mihi
1021 1248 1176 1329 tanquam
1206 1243 1290 1310 laico

106 1348 312 1434 etquidem
336 1347 493 1432 digamo⁸
516 1354 640 1414 temere
663 1369 727 1413 non
751 1370 960 1433 arrogavero,
983 1350 1036 1415 cui
1059 1349 1291 1435 explicationes

102 1454 195 1520 fidei
231 1462 266 1520 et
294 1453 477 1538 singulares
512 1455 582 1538 ejus
614 1452 793 1519 decisiones
828 1459 918 1521 recte
947 1454 1059 1522 licebit
1091 1456 1160 1522 sine
1194 1455 1290 1539 culpa

102 1560 282 1646 ignorare.

210 1663 330 1730 Defero
358 1669 468 1755 autem
496 1685 623 1730 omnem
651 1664 874 1749 hujuscemodi
904 1665 1060 1732 honorem
1088 1665 1288 1732 excellentis·

106 1771 209 1838 sima
247 1769 397 1835 facultati
424 1776 553 1850 vestrae,
583 1775 719 1853 paratus
746 1790 830 1833 nuno
862 1776 896 1835 et
927 1791 1071 1855 sempor,
1104 1770 1288 1856 ubicunque

109 1875 313 1954 erraverim,
346 1874 482 1957 benigne
519 1875 628 1958 potius
661 1867 784 1957 'corrigi
820 1875 866 1939 iu·
886 1874 1111 1943 misericordia
1138 1899 1159 1944 a
1190 1879 1289 1962 justo,

112 2002 221 2067 quam
245 1985 283 2045 ut
306 1985 405 2064 caput
427 2001 535 2045 meum
558 1980 737 2066 impinguet
759 1981 865 2046 oleum
896 1982 1087 2065 peccatoris.
1133 1980 1227 2062 Quod
1251 2002 1290 2046 ex

113 2108 154 2153 eo
184 2087 327 2152 maxime
349 2091 462 2170 patere
486 2091 609 2170 potest,
633 2086 724 2170 qnia,
748 2107 821 2151 cum
841 2087 909 2172 jam
933 2108 973 2152 ex
995 2087 1105 2155 libello
1129 2086 1287 2154 Johanuis

114 2190 354 2259 Pfefferkorn⁴
385 2191 609 2257 intellexeram
637 2191 794 2276 quosdam
822 2192 956 2276 pusillos
986 2192 1096 2260 forsan
1125 2198 1159 2258 et
1181 2192 1287 2258 minus

117 2297 286 2383 perfectos
310 2295 498 2362 scandalum
520 2296 666 2380 potuisse
681 2297 760 2380 pati,
784 2298 952 2364 occasione
968 2297 1095 2365 consilii
1111 2296 1175 2364 mei
1190 2302 1288 2363 antea

117 2424 176 2488 per
209 2400 456 2468 renunciaturos
485 2401 658 2485 publicati,
689 2401 788 2467 tum⁵
816 2425 892 2470 mox
919 2405 989 2490 ipse
1013 2426 1085 2488 ego,
1116 2402 1286 2469 anemius

118 2508 334 2587 adhortatus,
365 2513 498 2573 coactus
525 2513 585 2572 aut
607 2508 797 2592 requisitus,
828 2516 969 2575 mentem
997 2530 1103 2575 meam
1126 2508 1290 2575 declaravi

119 2611 230 2692 latine,
253 2618 390 2696 paratus
411 2619 489 2678 tuuc
512 2613 643 2679 easdem
667 2613 902 2682 declarationes
924 2614 958 2678 in
981 2614 1092 2698 lingua
1114 2611 1289 2679 vernacula

120 2723 152 2784 et
174 2719 301 2803 vulgari
324 2719 421 2785 edere
438 2719 460 2799 ⁶,
484 2711 545 2784 uisi
567 2719 728 2785 brevitate
751 2721 907 2805 temporis
934 2723 969 2784 et
998 2718 1203 2803 impressoria
1230 2717 1289 2781 im-

119 2824 307 2908 pedimento
337 2824 469 2891 fuissem
499 2823 703 2904 retardatus,
731 2824 774 2889 ad
798 2825 884 2909 quod
909 2823 1009 2890 etiam
1032 2823 1128 2890 hodie
1151 2828 1287 2906 paratus

120 2930 234 3009 existo,
256 2929 332 2995 iude
355 2951 499 3014 sperans,
520 2928 736 3014 probabiliter
753 2930 839 3015 quod
861 2951 921 3014 per
944 2950 999 2995 eas
1025 2928 1237 3013 erigerentur,
1260 2927 1288 2992 si

119 3035 175 3120 qui
206 3035 292 3100 forte
321 3036 526 3115 cecidissent,
559 3056 619 3101 neo
648 3032 691 3102 de
717 3041 834 3101 oaetero
866 3055 976 3101 casum
1007 3039 1197 3118 paterentur
1231 3032 1288 3117 qni

120 3146 256 3206 starent.

209 3246 293 3324 Quia
325 3266 400 3312 vero
429 3247 612 3320 uberiorem
651 3247 903 3313 declarationem
933 3244 1153 3330 desyderatis,
1189 3243 1286 3310 facile

116 3351 263 3436 intelligo
292 3372 344 3416 me
374 3352 532 3435 propositi
560 3353 624 3418 mei
655 3352 751 3438 finem
783 3373 847 3418 non
878 3372 949 3417 esse
973 3355 1193 3418 consecutum.
1242 3350 1288 3417 Ut

117 3459 221 3543 igitur
243 3457 399 3542 petitioni
416 3464 531 3523 vestrae
553 3479 613 3542 pro
637 3479 710 3523 mea
734 3456 818 3523 virili
841 3456 1051 3537 satisfaciam,
1076 3461 1109 3522 et
1132 3455 1287 3522 circuitus

116 3565 262 3630 vitentur
288 3563 417 3642 inanes,
446 3569 479 3629 ot
501 3564 628 3629 itineris
655 3563 741 3648 longi
764 3561 854 3628 varia
882 3568 1059 3628 caveantur
1089 3561 1284 3640 discrimina,

117 3667 279 3753 simulque
301 3667 434 3734 inutiles
458 3690 606 3753 expensae
630 3691 669 3736 ac
692 3668 885 3753 supervacui
907 3667 1038 3734 labores
1061 3666 1135 3732 hinc
1161 3672 1194 3732 et
1213 3666 1288 3731 indo

115 3773 285 3854 tollantur,
300 3778 444 3838 vestrum
460 3775 547 3840 omni
567 3775 665 3841 mode
682 3773 905 3859 dignissimum
920 3779 953 3838 et
969 3772 1209 3838 ornatissimum
1225 3769 1288 3835 col-

687 3909 705 3948 ²1⁶

190 4001 202 4044 1
222 3994 318 4046 Latere
337 4010 390 4047 non
407 4001 496 4064 potest
514 3995 556 4047 bis
574 3999 734 4064 praeconium
754 3998 783 4063 (f.
802 3999 835 4066 s.)
854 3996 882 4045 in
897 3994 1038 4046 chchlini
1056 3991 1175 4044 defensio
1195 3995 1289 4042 conus

113 4081 323 4134 calumniatores
343 4084 517 4136 colonienses
534 4086 563 4137 P.
582 4086 656 4154 (def.)
730 4090 744 4136 2
768 4086 837 4135 Statt
861 4083 1107 4134 declarationem..
1127 4085 1221 4130 sonant
1238 4094 1289 4130 uur

112 4171 329 4224 informationem
347 4178 368 4223 l.
382 4177 405 4223 2.
421 4176 445 4223 3.
460 4173 511 4225 dei.
571 4176 586 4224 3
600 4176 713 4240 Digamo
733 4173 787 4240 vgl.
804 4173 872 4224 obcu
887 4175 918 4221 27
932 4170 998 4220 Juni
1016 4171 1080 4220 1502
1095 4183 1150 4218 nro.
1164 4167 1289 4220 LXXXII

112 4260 282 4327 aumerknng
295 4263 319 4311 6.
381 4262 530 4331 4lribello]
545 4261 727 4328 handspiegel.
793 4259 928 4310 b'l'amen
942 4256 1116 4308 fdrtumdef.
1172 4257 1288 4309 tuisse

110 4348 293 4415 erklbrnngeu
307 4348 462 4400 orsnbicnan
480 4349 589 4404 (leutsch
603 4356 657 4406 oret
676 4365 717 4405 atu
731 4352 763 4399 22
779 4349 850 4405 Mitt
868 4349 943 4404 1512.
976 4347 1027 4404 Ain
1037 4346 1108 4404 clare
1120 4351 1288 4400 termulum

110 4436 169 4511 vgl.
189 4437 321 4492 Renchliu
341 4453 363 4490 s.
383 4438 435 4488 264
453 4439 491 4506 fg.
1271 4429 1273 4464 ἶ
