2798 4980
616 339 683 407 239

84 530 128 596 ris
152 549 267 614 posses
289 529 429 596 minime.
475 530 641 614 Ejusmodi
670 551 730 616 ego
754 529 967 615 objectiones,
999 537 1183 616 praeceptor
1205 536 1240 598 et

84 634 167 701 nice
193 634 393 715 dulcissime,
421 636 563 722 graviter
585 635 662 716 tuli,
693 658 752 703 nec
775 634 870 702 hodie
901 634 975 702 bilis
1003 635 1083 701 mihi
1105 637 1239 723 quierit,

84 747 211 806 ttamen
228 740 498 826 quemadmodum
514 748 629 824 postea
644 742 754 809 forsan
777 763 798 808 a
819 763 871 807 me
894 741 1047 827 accipies,
1070 764 1130 810 uec
1154 743 1240 809 enim

84 847 174 912 unia
197 845 301 912 literis
318 852 390 913 tuto
408 848 663 913 committuntur.
709 849 835 933 Itaque,
859 848 1064 932 integerrime
1087 849 1145 930 vir,
1168 869 1241 934 gra·

84 955 227 1019 ssimum
250 951 365 1018 feceris
389 957 423 1018 et
452 952 581 1018 domino
611 975 682 1020 meo
711 953 805 1020 abbae
836 960 870 1020 et
900 952 1058 1036 imprimis
1081 954 1182 1035 mihi,
1212 954 1240 1021 si

84 1058 224 1124 trtiores
245 1079 303 1124 nos
324 1057 514 1137 reddideris,
537 1059 615 1142 quid
638 1059 826 1139 obtinueris,
850 1058 928 1143 quid
952 1060 1171 1144 reportaveris
1195 1079 1236 1126 ex

84 1164 166 1231 rbe.
214 1163 301 1228 Areo
323 1164 455 1246 insuper
478 1164 592 1229 audire
617 1171 729 1244 exte,
753 1186 851 1249 quam
876 1163 961 1231 belle
985 1185 1082 1250 quam
1106 1165 1241 1233 comiter

84 1267 202 1336 abitus
223 1273 457 1353 susceptusque
480 1266 525 1333 sis
548 1269 667 1335 nedum
690 1291 710 1334 a
733 1269 898 1336 cardinale
922 1269 1093 1352 Grimauo,
1125 1270 1182 1337 sed
1206 1276 1241 1336 et

113 1373 326 1439 sanctissimo
354 1380 449 1456 patre
479 1380 591 1440 nostro
624 1375 731 1442 Leone
760 1375 911 1460 pontifice
927 1378 1083 1443 maximo
1113 1376 1170 1461 qui
1199 1375 1241 1442 de

84 1479 228 1544 raeclara
242 1478 300 1543 illa
315 1479 476 1544 Medicum
493 1479 618 1545 familia
633 1503 706 1565 quae
722 1481 878 1548 hactenus
893 1483 980 1548 viros
996 1483 1109 1549 doctos
1123 1481 1241 1548 mirum

84 1609 94 1651 ι
119 1584 257 1650 modum
290 1584 374 1649 aluit
397 1591 430 1650 et
453 1584 546 1666 fovit,
576 1584 776 1652 descendens
803 1609 867 1653 non
897 1592 1006 1671 potest
1034 1606 1098 1652 non
1127 1586 1241 1652 doctos

84 1691 278 1775 ruditosque
301 1689 400 1770 viros,
431 1690 519 1755 intra
549 1712 630 1776 quos
660 1697 697 1758 tu
720 1692 804 1758 citra
836 1713 963 1758 omnem
986 1691 1242 1758 controversiam

84 1796 250 1881 rinciqem
273 1795 400 1861 obtines
423 1794 544 1877 locum,
573 1818 699 1863 summa
722 1796 940 1864 benivolentia
963 1802 996 1863 et
1019 1793 1239 1863 munificentia

84 1901 235 1987 resequi,
257 1901 460 1986 potissimum
484 1924 583 1986 quum
606 1909 700 1968 tanta
714 1908 752 1969 ut
774 1902 878 1968 fertur
901 1902 1051 1968 doctriua
1074 1906 1108 1967 et
1129 1900 1242 1967 litera·

84 2028 145 2075 nra
172 2006 305 2093 polleat.
350 2007 533 2073 Persuadeo
561 2014 671 2074 autem
700 2009 793 2089 mihi,
823 2014 857 2074 te
887 2007 991 2073 virum
1022 2005 1185 2072 eruditum
1208 2011 1242 2072 et

84 2115 228 2180 inertum
242 2133 281 2178 ac
300 2118 412 2178 nostra
428 2119 523 2179 aetate
540 2114 742 2181 omnifariam
755 2113 978 2181 doctissimum
995 2110 1239 2178 liberralissime
1310 2123 1311 2129 ’

84 2217 460 2305 ronorifioentissimeque
485 2220 594 2285 Romae
618 2227 813 2305 susceptum.
847 2219 896 2285 Tu
919 2218 1014 2286 velim
1037 2216 1077 2283 de
1101 2216 1151 2283 his
1176 2237 1242 2283 om-

84 2326 168 2393 tibus
192 2346 252 2410 pro
275 2331 388 2390 nostra
411 2326 554 2390 amicitia
577 2326 667 2391 brevi
690 2326 863 2392 certiorem
885 2345 938 2391 me
961 2324 1089 2391 reddas.

162 2431 293 2496 Dudum
325 2429 367 2497 ad
401 2437 433 2496 te
462 2431 623 2497 dedissem
646 2433 776 2511 literas,
808 2433 834 2497 si
866 2452 928 2498 non
954 2431 1063 2497 Roma
1087 2434 1120 2495 te
1144 2448 1243 2514 agere

84 2536 293 2604 tradidissem.
341 2535 462 2601 Vellem
495 2543 528 2602 te
558 2537 733 2621 aliquando
763 2539 797 2602 in
827 2535 945 2620 angulo
979 2535 1132 2621 quopiam
1155 2533 1244 2620 apud

84 2663 132 2709 ros
156 2641 365 2718 delitescere,
394 2647 430 2706 ut
453 2661 578 2706 coram
598 2642 711 2707 audire
742 2662 854 2725 posses
877 2661 973 2726 quam
998 2634 1117 2721 amice,
1146 2660 1244 2725 quam

84 2745 250 2815 ronorifiee
277 2745 329 2811 hic
360 2747 399 2811 de
428 2752 461 2812 te
494 2768 600 2813 sermo
629 2745 695 2812 fiat.
742 2746 806 2812 Sed
837 2752 871 2812 et
897 2766 949 2811 me
971 2746 1022 2810 tui
1045 2745 1182 2809 nominis
1205 2763 1244 2809 ac

84 2853 208 2920 nonoris
232 2874 302 2919 esse
326 2858 504 2919 amatorem
529 2853 661 2936 pariter,
686 2857 720 2918 et
746 2850 958 2931 defensorem,
982 2849 1032 2916 rel
1046 2848 1245 2934 praecipuum

84 2980 142 3026 am
164 2965 255 3025 certo
278 2958 393 3024 credas
417 2978 514 3044 qnam
538 2957 625 3043 quod
648 2956 873 3024 certissimum.

164 3064 326 3130 Caeterum
349 3063 435 3149 quod
459 3062 542 3128 libro
567 3063 777 3146 epistolarum
801 3060 964 3126 clarorum
986 3058 1128 3125 virorum
1151 3076 1242 3125 meas

84 3190 205 3257 pnoque
227 3168 381 3253 epistolas
400 3169 411 3207 ¹
432 3169 576 3233 inserere
592 3166 741 3247 volueris,
764 3166 886 3250 gratias
909 3164 970 3230 tibi
986 3162 1090 3229 habeo
1114 3164 1245 3229 immor-

84 3275 168 3357 ales,
192 3295 256 3341 uon
279 3274 368 3360 quod
382 3280 510 3339 tantum
524 3271 604 3338 mihi
619 3293 792 3352 assumam,
814 3276 852 3337 ut
874 3271 908 3337 in
924 3269 1086 3337 clarorum
1100 3269 1245 3335 virorum

84 3400 210 3450 numero
233 3380 330 3446 scribi
346 3401 481 3459 merear,
505 3379 562 3445 sed
578 3378 665 3463 quod
681 3377 756 3443 inde
771 3376 894 3462 liquido
910 3374 1091 3460 intelligere
1108 3395 1244 3461 possum

83 3486 174 3572 ruam
198 3485 242 3552 sis
269 3485 348 3550 mihi
370 3485 515 3570 impense
538 3481 683 3550 affectus.
730 3483 810 3549 Vale
832 3482 924 3550 bene.
969 3482 1020 3546 Ex
1042 3479 1245 3567 Ottinpurra,

84 3591 237 3660 lominica
258 3592 422 3658 invocavit
448 3595 541 3655 1515.

164 3701 239 3762 Msc.
262 3702 413 3776 Ellenbog.
438 3701 487 3761 uo.
512 3700 541 3758 Π
564 3699 647 3789 epist.
673 3700 714 3759 77
738 3697 787 3760 fol.
814 3699 887 3758 154.

587 3880 729 3951 ccvm.

148 3974 291 4044 stuttgart.
1002 3966 1110 4019 tutta
1132 3964 1209 4018 1515.

84 4041 241 4126 loannes
279 4043 464 4123 Reuchlin
503 4039 722 4121 Phorcensis
756 4039 832 4116 LL.
872 4039 1002 4116 doctor
1040 4035 1247 4115 venerabili

430 4166 591 4243 Nicolao
618 4163 816 4264 Ellenbog.
845 4163 882 4240 S.

163 4275 326 4345 Redeunti
349 4274 427 4340 mihi
449 4295 534 4341 nuuc
556 4272 683 4358 vesperi
706 4270 825 4337 donum
848 4291 888 4335 ex
910 4268 1082 4355 Tuuingen
1105 4267 1249 4336 reddidit

665 4378 685 4416 ’11

146 4461 159 4509 1
180 4458 212 4510 In
231 4457 282 4508 den
302 4453 330 4506 0.
350 4470 375 4505 r.
394 4471 415 4504 e.
434 4453 470 4505 ist
482 4469 533 4505 nur
551 4451 594 4504 ein
612 4450 682 4502 brief
692 4447 833 4516 Ellenbogs
852 4446 920 4499 oben
933 4462 991 4501 nro.
1004 4445 1088 4498 CXIII
1106 4444 1249 4498 entbaltan.
