2798 4980
667 307 732 373 218

114 498 262 561 Canticum
281 500 420 561 Zacharia
448 499 527 561 Luce
551 501 574 562 1.
595 501 601 579 Ι
621 501 736 562 Letztcs
758 501 832 562 blatt
860 501 1052 564 vordcrseIte:
1089 502 1201 580 Anguste
1221 523 1246 565 er

114 605 227 666 officina
242 606 370 666 Erhardi
392 601 499 690 oeghn]
515 624 613 668 mense
628 607 707 669 Malo
730 624 816 668 anno.
838 602 1034 694 M.D.XIIII.]
1067 609 1198 670 Daruntcr
1212 609 1246 670 Os

113 711 446 774 Buchdruckerzeichcn.
479 717 497 773 3
515 713 613 788 Bogen
628 716 646 774 t
662 717 680 774 4
697 713 747 774 bll.
764 716 793 773 in
810 710 854 774 4⁰.

591 897 805 966 CLXXXVII.

185 987 326 1052 stuttgart.
1032 991 1063 1040 ro
1082 989 1145 1040 Juni
1164 990 1223 1039 1514.

112 1075 335 1150 Reverendis
361 1089 396 1150 et
421 1075 694 1151 venerabilibus
717 1076 885 1178 patribus
909 1078 1063 1178 egregiis
1087 1089 1121 1152 et
1137 1077 1248 1152 eximiis

114 1198 252 1274 divinae
276 1200 465 1300 scripturae
493 1199 760 1301 professoribus
787 1201 927 1276 decano
958 1213 995 1276 et
1028 1202 1248 1277 sacratissima

115 1323 314 1422 theologia}
333 1323 501 1398 facultati
512 1324 754 1400 Parrhisiensi
770 1324 930 1399 dominis
948 1326 1024 1400 suis
1035 1325 1248 1424 quamcolen-

524 1447 685 1521 (lissimis
703 1473 730 1521 s.
751 1476 788 1549 p.
811 1447 847 1522 d.
863 1445 875 1494 ¹

202 1593 393 1678 Quanquam
419 1594 461 1660 ab
486 1595 620 1661 ineunte
644 1601 751 1676 atate,
775 1595 1010 1680 sapientissimi
1033 1601 1068 1665 et
1083 1594 1249 1680 amplissima

113 1699 239 1765 intuto
269 1721 351 1784 pene
384 1700 472 1766 orbis
502 1709 664 1767 terrarum
692 1702 800 1786 spacio
824 1700 920 1766 laude
945 1695 1187 1768 celebratissimi
1204 1699 1247 1766 ciri

113 1827 241 1890 semper
263 1827 313 1871 me
337 1806 446 1872 studui
469 1807 598 1890 placere
622 1807 729 1887 bonis,
754 1815 788 1874 et
809 1807 944 1898 neminis
967 1805 1124 1873 honorem
1144 1807 1245 1884 laedere,

113 1916 222 1976 tamen
251 1911 313 1977 hoc
346 1912 484 1986 triennio
508 1911 578 1979 fieri
602 1935 665 1979 non
688 1915 811 1998 potuit,
844 1913 921 1998 quin
951 1917 1099 1978 extrema
1121 1912 1210 1978 ferme
1225 1910 1248 1974 in

112 2023 209 2083 aetate
233 2039 306 2083 mea
329 2018 459 2083 tandem
483 2019 525 2085 ab
540 2017 679 2103 indignis
695 2019 823 2103 indigne
839 2018 1003 2084 lacerarer
1018 2017 1159 2084 infamia.
1184 2016 1251 2082 lacit

111 2122 173 2189 hoc
197 2123 356 2204 diabolus,
380 2126 471 2210 cujus
495 2124 616 2190 invidia
639 2147 726 2192 mors
748 2123 882 2190 intravit
904 2123 939 2187 in
969 2122 1083 2189 orbem
1105 2130 1249 2204 terrarum,

112 2233 150 2294 ut
182 2229 306 2312 pariter
336 2230 458 2295 invidia
490 2230 661 2297 discidium
690 2236 786 2315 paret
810 2229 822 2268 ²
850 2230 884 2293 in
912 2229 959 2294 eis
987 2250 1070 2315 quos
1099 2231 1185 2296 novit
1202 2235 1252 2294 tan-

113 2333 216 2418 tisper
238 2334 271 2398 in
296 2334 356 2400 deo
380 2357 521 2416 manere,
546 2337 622 2402 dum
638 2337 816 2401 manserint
835 2335 869 2400 in
885 2333 1056 2414 charitate,
1080 2356 1175 2421 quam
1188 2336 1252 2400 inter

114 2460 166 2504 me
189 2438 458 2525 adversariosque
481 2462 571 2507 meos
594 2446 652 2507 aut
675 2441 772 2525 fregit
794 2441 949 2521 avaricia,
977 2446 1036 2506 aut
1059 2443 1147 2526 rupit
1168 2459 1253 2524 snper·

113 2544 177 2625 bia,
201 2550 258 2610 aut
287 2545 416 2611 luxuria
446 2546 616 2632 dissipavit
647 2547 775 2613 aliudve
808 2546 952 2612 incidens
982 2545 1093 2612 odium
1124 2567 1185 2632 quo
1208 2544 1254 2609 ira·

113 2658 208 2717 terna
235 2652 434 2735 extinguitur
458 2654 597 2719 dilectio.
643 2653 715 2721 Hoc
748 2654 833 2718 enim
860 2654 998 2736 ingenue
1029 2653 1152 2733 fateor,
1182 2642 1254 2737 quod,

111 2758 243 2825 tametsi
266 2759 387 2824 omneis
411 2758 423 2796 ³
454 2758 599 2824 homines
624 2760 743 2825 virtute
766 2758 922 2843 praeditos
949 2759 1183 2844 quammaxime
1204 2754 1255 2822 dili·

113 2885 184 2949 gam
216 2870 250 2931 et
280 2885 430 2944 venerer,
462 2870 572 2930 tamen
595 2865 658 2930 fuit
680 2865 838 2930 hactenus
862 2886 935 2930 cum
958 2864 1047 2929 nullo
1071 2865 1150 2931 mihi
1172 2882 1255 2930 sacra·

113 2993 185 3036 rum
214 2970 404 3054 religionum
436 2971 549 3036 ordine
578 2972 699 3036 arctior
727 2969 874 3036 amicicia
904 2990 1002 3055 quam
1027 2971 1253 3055 praedicatomm

112 3083 232 3142 nostrae
260 3077 447 3161 provinciae,
480 3076 596 3160 quibus
631 3077 761 3143 circiter
790 3096 892 3141 annos
926 3075 1146 3160 undetriginta
1169 3077 1182 3116 4
1206 3074 1255 3140 sinc

112 3183 232 3267 preci0,
255 3183 380 3267 absque
403 3183 545 3267 praemla
569 3182 659 3248 nulla
683 3205 739 3267 spe
763 3182 846 3248 lucri
862 3181 987 3262 ductus,
1013 3182 1073 3247 sed
1089 3182 1189 3249 solum
1202 3200 1256 3266 pro

112 3295 187 3374 pter
210 3288 305 3353 deum
329 3294 363 3353 et
385 3290 548 3372 ingentem
572 3310 679 3354 meum
703 3309 779 3372 erga
802 3288 875 3354 illos
898 3308 1042 3353 amorem
1066 3309 1106 3353 ae
1135 3305 1258 3353 reveren·

116 3394 197 3458 tiam
221 3394 387 3460 commode
410 3394 600 3479 utiliterque
623 3416 686 3460 non
709 3400 837 3460 tantum
860 3394 892 3458 in
917 3393 1038 3459 ducatu
1063 3393 1199 3473 Sueviae,
1217 3387 1258 3456 ubi

113 3498 246 3578 habito,
279 3521 391 3565 verum
427 3500 525 3566 etiam
557 3502 590 3565 in
627 3506 699 3565 tota
737 3499 912 3565 Germania
942 3498 1167 3583 patrocinatus
1197 3515 1258 3570 sum,

114 3606 214 3672 etiam
238 3626 311 3671 cum
335 3605 538 3672 fortunarum
563 3627 709 3671 mearum
732 3605 886 3671 nonnullo
911 3604 1090 3689 dispendio.

204 3710 295 3778 Unde
326 3719 474 3797 poteram
503 3711 597 3778 facile
620 3712 699 3777 mihi
722 3713 786 3796 ipsi
813 3711 853 3776 de
876 3711 1003 3776 illorum
1028 3715 1186 3795 perpetua
1206 3726 1260 3792 gra·

113 3819 261 3900 titudine,
293 3818 421 3903 qualem
450 3839 509 3901 per
535 3818 648 3883 literas
679 3825 747 3883 tam
775 3817 923 3901 publicas
947 3837 1078 3882 suorum
1102 3812 1260 3900 provincia·

112 3927 191 3992 lium
223 3946 321 4010 quam
349 3923 548 4008 singulorum
578 3924 722 4009 privatas
751 3923 864 4008 sigillis
889 3923 955 3988 suis
977 3921 1151 3987 roboratas
1174 3926 1205 3986 et
1222 3938 1261 3982 us·

113 4054 176 4118 que
200 4032 262 4098 huc
285 4032 319 4096 in
342 4029 628 4114 chartophilacio⁵
651 4052 722 4096 meo
747 4036 903 4107 servatas,
928 4049 1013 4112 saepe
1036 4027 1172 4112 polliciti
1194 4027 1260 4100 sunt,

678 4159 695 4198 ‘dt

187 4249 289 4300 lStatt
319 4249 364 4300 der
393 4249 587 4316 vollstitndigen
618 4249 770 4301 aufschrift:
814 4247 944 4298 Facultati
975 4245 1115 4313 theologia
1144 4238 1264 4312 parisiensi

113 4336 230 4386 docnnes
243 4338 372 4387 Renchlin
385 4337 436 4386 LL.
451 4337 560 4387 Doctor.
574 4339 598 4388 S.
613 4339 644 4387 D.
660 4340 689 4389 Ρ.
705 4343 729 4390 2.
744 4342 768 4388 3.
844 4337 997 4385 2Parreret
1011 4338 1034 4384 3.
1110 4332 1263 4386 30mncs3.

113 4422 351 4496 4Duodctriginta
368 4422 435 4476 oben
453 4440 510 4478 nro.
529 4426 682 4480 CLXXXII.
757 4428 772 4476 5
793 4423 1014 4494 chartophylacio
1035 4427 1058 4474 2.
1079 4427 1104 4477 3.
