2580 4178
611 29 676 94 125

144 215 240 295 Quod
271 215 407 297 scribis,
437 216 557 301 optime
581 219 647 298 vir,
679 224 712 283 te
735 218 873 284 multum
896 218 979 284 affici
1001 218 1144 302 legendis
1167 221 1223 287 he·

53 322 176 390 braicis
198 323 311 403 literis,
334 323 414 388 nihil
438 329 488 389 est
511 324 598 408 quod
621 324 757 390 mireris.
802 325 892 390 Inest
915 345 992 389 sane
1016 327 1062 390 eis
1091 325 1222 416 ἐνέργεια

53 427 218 513 quaedam
261 427 304 493 ad
348 429 543 494 movendum
573 428 709 512 legentis
742 429 894 495 animum.
950 430 1011 509 Et,
1049 435 1088 494 ut
1117 431 1224 514 inquit

55 534 249 619 Apostolus,
277 534 371 599 vivus
390 541 452 616 est
482 556 587 600 sermo
616 536 686 614 Dei,
718 540 751 599 et
774 534 900 613 efficax,
931 541 964 600 et
991 534 1223 618 penetrabilior

52 629 146 706 omni
169 639 278 723 gladio
308 640 452 724 ancipiti.
496 641 598 705 Porro
633 662 696 706 non
727 639 831 706 solum
855 641 974 720 efficax,
999 639 1057 706 sed
1081 645 1114 704 et
1135 639 1223 705 lectu

52 745 232 829 jucundus.
276 745 360 810 Hinc
384 751 418 810 et
440 744 521 811 illud
544 745 693 810 Davidis:
717 748 785 820 ὡς1
807 746 921 836 γλυκέα
945 757 988 827 τῷ
1011 744 1140 833 λαρύγγί
1167 768 1222 832 μου

56 852 96 916 τὰ
120 852 212 941 λόγια
235 875 287 914 σου
311 850 383 939 ὑπὲρ
407 851 475 937 μέλι
497 862 542 933 τῷ
566 852 695 938 στόματι
718 874 784 937 μου.
830 850 980 915 Ezechiel
996 870 1123 933 quoque
1139 870 1224 913 com·

56 955 193 1022 medens
217 948 323 1015 aaa.
347 955 542 1021 suavitatem
566 955 769 1039 eloquiorum
792 956 853 1020 Dei
880 954 1025 1020 indicans
1050 956 1097 1020 ait
1120 954 1223 1013 'unul

56 1053 273 1132 casabus-1:
292 1075 353 1125 *aa
403 1062 472 1144 Ego
495 1082 573 1125 vero
596 1061 676 1125 nihil
700 1061 765 1126 tale
796 1059 953 1125 hactenus
982 1061 1014 1124 in
1046 1082 1096 1123 me
1129 1058 1223 1137 sensi,

56 1166 140 1231 adeo
161 1164 239 1229 mihi
262 1186 380 1230 cornea
399 1163 485 1230 ‘fibra
509 1171 568 1230 est.
614 1166 703 1231 Dens
727 1171 792 1249 opt.
808 1186 891 1229 max.
908 1164 1015 1245 faciat,
1038 1171 1077 1230 ut
1092 1164 1223 1230 tandem

56 1261 218 1337 soimerur
240 1291 296 1335 cor
318 1291 427 1335 meum
449 1270 493 1335 ad
515 1276 691 1355 praecepta
714 1271 794 1354 ejus,
818 1275 856 1334 ut
870 1268 949 1334 nihil
966 1268 1091 1334 dulcius
1108 1269 1224 1334 ducam

58 1397 159 1462 quam
181 1376 333 1440 meditari
356 1375 388 1439 in
412 1375 481 1458 lege
506 1377 575 1460 ejus
600 1376 651 1440 die
674 1397 712 1440 ac
734 1381 829 1439 nocte
848 1374 868 1438 ³.

148 1481 300 1546 Referam
323 1468 390 1546 ¹tibi
418 1481 519 1546 studii
549 1481 614 1545 mei
641 1479 872 1544 difficultatem.
919 1477 1008 1542 Solet
1036 1478 1123 1541 idem
1145 1477 1225 1542 mihi

56 1607 143 1652 nunc
168 1586 353 1670 contingere
387 1586 473 1669 quod
504 1591 537 1650 et
567 1585 797 1669 gloriosissimo
821 1584 1016 1666 Hieronymo
1045 1584 1161 1666 quint
1184 1583 1224 1647 ds

58 1714 93 1758 se
109 1693 181 1776 ipso
198 1697 351 1769 testatur,
369 1709 469 1774 quum
485 1691 655 1756 stridentia
670 1691 727 1755 illa
743 1697 776 1755 et
791 1688 976 1754 anhelantia
993 1688 1093 1752 verba
1109 1709 1224 1753 sonare

58 1818 123 1863 non
153 1801 274 1880 posset.
321 1796 424 1879 Saepe
456 1797 632 1879 desperans
663 1796 789 1861 destitit
817 1802 850 1859 et
874 1794 1017 1885 studium
1041 1794 1223 1877 intercepit,

58 1921 257 1985 rursumque
286 1901 490 1965 contentione
520 1902 664 1966 discendi
691 1922 823 1983 operam
847 1901 989 1965 navavit.
1037 1900 1130 1976 Quod
1162 1900 1226 1965 etsi

57 2000 251 2091 hujusmodi
266 2005 417 2071 fluctibus
433 2008 573 2091 quatiar,
590 2028 808 2090 necunquam
824 2005 867 2069 ad
882 2027 1021 2087 unguem
1037 2005 1226 2070 hebraicum

56 2133 239 2177 sermonem
263 2132 378 2177 sonare
402 2132 497 2195 posse
522 2113 701 2192 confidam,
735 2113 853 2196 quippe
888 2111 943 2194 qui
970 2112 1138 2177 crassioris
1166 2112 1226 2176 sim

54 2217 196 2301 linguae,
220 2216 444 2299 magnifmiam
467 2224 576 2283 tamen
593 2219 915 2301 quantulumcunque
932 2217 1031 2281 etiam
1046 2217 1226 2300 profecero.

56 2322 191 2390 Solatur
206 2306 265 2386 'me
287 2321 369 2386 illud
391 2322 512 2388 Flacci:
530 2323 543 2360 4

239 2467 297 2516 Non
316 2471 401 2533 possis
421 2469 497 2518 oculo
517 2475 640 2533 quantum
660 2468 816 2534 contendere
836 2468 954 2533 lynceus,

238 2555 295 2604 Non
315 2566 401 2605 tamen
421 2558 518 2606 iccirco
539 2568 691 2606 contemnas
711 2556 797 2622 lippos
817 2557 917 2621 inungi,

238 2643 285 2692 Est
305 2645 417 2707 quodam
437 2645 541 2711 prodire
561 2653 649 2708 tenus,
669 2647 761 2694 sinon
782 2645 858 2693 datur
878 2645 954 2694 ultra.

149 2770 245 2836 Abba
282 2780 392 2837 noster
431 2774 635 2857 dignissimus
670 2781 762 2858 optat
795 2779 827 2837 te
863 2742 944 2838 bene
978 2772 1096 2837 valere.
1144 2773 1226 2839 Vale

51 2876 157 2955 foelix,
182 2875 387 2942 literatorum
410 2881 592 2945 monarcha.
625 2882 672 2944 Ex
689 2881 888 2962 Ottenpurra
906 2885 925 2942 4
943 2879 992 2943 Ill.
1011 2879 1113 2962 Majas
1133 2883 1226 2943 1510.

148 2985 222 3044 Msc.
240 2987 382 3061 Ellenhog
398 2987 448 3046 lib.
466 2988 489 3060 l,
507 2991 590 3062 epist.
610 2993 648 3047 77
667 2989 716 3049 lol.
737 2985 795 3049 66¹³
812 3009 853 3065 sq.

576 3173 718 3239 CXVIII.

130 3256 272 3321 stuttgart.
984 3266 1013 3311 12
1034 3261 1092 3311 Juli
1115 3261 1191 3312 1510.

53 3359 211 3435 Maister
220 3361 399 3436 Hannsen
409 3362 670 3460 Arnmcrbach,
693 3366 776 3439 dem
789 3366 1037 3440 buchtriicher
1052 3395 1097 3438 zu
1105 3366 1225 3459 Basel,

55 3484 200 3557 minem
225 3484 346 3557 licben
373 3487 450 3558 und
476 3501 604 3585 gutten
632 3489 745 3562 fiand
769 3490 834 3562 inu
862 3491 919 3562 sin
946 3489 1101 3564 hamidt.
1150 3486 1225 3589 [210.

451 3610 647 3713 Reuchlin]
669 3613 704 3687 S.
727 3614 770 3685 D.
792 3614 833 3685 P.

151 3752 262 3816 Amice
286 3775 382 3836 quam
407 3755 707 3823 observandissime.
745 3759 908 3822 Ecclesiae
932 3764 1063 3822 nostrae
1088 3757 1227 3823 custos5

52 3857 218 3942 patefecit
241 3859 317 3921 mihi
342 3870 481 3925 mentem
505 3870 595 3927 tuam
620 3864 658 3928 de
693 3864 901 3946 acceptandis
925 3863 1017 3926 libris
1040 3863 1138 3959 meis,
1172 3871 1228 3930 tuo

134 4029 211 4099 Ῑὼς]
231 4033 275 4085 Ps.
298 4039 345 4086 119
366 4038 448 4104 (vulg.
472 4043 540 4104 118),
563 3979 633 4091 103.÷÷
675 4040 803 4090 2Ezech.
824 4044 847 4103 3,
869 4045 891 4091 3.
948 4038 1229 4106 avg1.Psalm1‚a

52 4127 70 4172 4
93 4123 161 4171 Hor.
184 4121 203 4168 E
232 4139 249 4172 r.
269 4124 286 4173 l.
310 4129 318 4172 1
353 4129 384 4174 28
405 4129 440 4178 f.
497 4133 511 4176 5
532 4128 632 4176 Nauklc
