2798 4980
656 342 719 424 111

94 535 436 628 1111101111111111111,
465 548 549 613 tanti
574 549 657 614 enim
682 548 766 614 facio
790 549 995 618 literatorum
1019 572 1070 617 me
1094 550 1174 617 inire
1203 571 1274 636 gra-

94 658 199 735 tiam,
229 661 267 721 ut
295 655 375 720 nihil
403 655 512 737 supra.
566 654 658 732 Quod
688 655 727 720 de
759 655 865 722 dubiis
896 657 976 722 meis
1012 656 1182 722 certiorem
1221 677 1272 722 me

94 761 242 839 feceriS,
273 761 397 844 gratias
424 759 484 824 tibi
515 758 620 824 habeo
643 760 851 826 immortales.
898 762 1003 845 Rogat
1025 763 1156 845 insuper
1178 767 1274 845 pater

94 888 195 932 meus
225 867 433 949 dignissimus
457 865 559 944 abba,
590 871 627 930 ut
654 865 696 930 ad
726 887 759 932 se
791 867 983 950 quandoque
1012 868 1171 933 concedas
1202 889 1273 932 eam

94 993 188 1057 quae
215 973 278 1036 sibi
294 971 456 1055 possibilis
472 970 558 1035 foret
581 976 769 1036 ostensurus
786 971 1029 1037 humanitatem.
1069 974 1168 1038 Porro
1186 972 1273 1056 quod

94 1076 482 1156 scribis„hterat0rum
517 1075 713 1157 monarcha,
751 1078 892 1160 graviter
925 1083 958 1143 te
989 1078 1075 1143 ferre
1108 1078 1272 1143 hominum

94 1189 222 1249 nostra
252 1187 361 1247 aetate
389 1180 655 1262 ingratitudinem
685 1181 740 1265 qui
770 1204 872 1267 usque
904 1183 985 1248 adeo
1017 1184 1214 1267 negligentes
1238 1204 1272 1250 se

94 1293 292 1374 praestent,
323 1293 361 1351 ut
387 1285 565 1369 bibliopola
593 1293 742 1351 rarenter
769 1309 902 1371 operum
931 1295 1061 1354 tuorum
1093 1295 1273 1372 emptorem

94 1393 263 1471 iuveniat,
287 1391 367 1456 nihil
390 1398 449 1471 est,
473 1391 694 1456 literatissime
718 1393 823 1458 viret
847 1394 886 1458 de
910 1393 1011 1458 bonis
1025 1395 1128 1460 literis
1152 1395 1272 1478 optime

94 1499 236 1577 merite,
266 1497 352 1581 quod
376 1517 489 1561 curare
515 1497 644 1562 debeas.
691 1498 876 1563 Memineris
899 1498 1001 1577 illius,
1033 1499 1119 1582 quod
1144 1500 1183 1564 de
1207 1505 1274 1563 tra-

94 1598 295 1689 goediarum
329 1602 469 1686 quodam
504 1603 644 1685 rapsodo
677 1603 811 1685 legimus
843 1604 899 1686 qui
932 1625 1029 1686 quum
1072 1604 1273 1686 tragoediam

94 1710 247 1776 referret
270 1729 328 1772 nec
353 1707 509 1791 quispiam
536 1713 670 1790 praeter
686 1708 853 1772 Platonem
870 1706 1009 1787 adesset,
1034 1707 1273 1792 objectantibus

94 1814 303 1900 quibusdam
319 1813 470 1880 dedecori
487 1834 557 1878 esse
574 1813 630 1891 illi,
648 1813 733 1897 quod
750 1835 843 1878 nemo
865 1820 997 1898 praeter
1014 1835 1111 1878 unum
1134 1814 1274 1891 adesset,

94 1919 277 2004 respondit
304 1918 373 1983 ille:
405 1924 438 1982 et
470 1919 523 1983 hic
551 1940 633 1983 unus
665 1918 737 2002 plus
762 1924 812 1982 est
835 1939 930 2001 quarn
955 1924 1044 1983 totus
1068 1919 1273 1983 Atheniensis

94 2024 254 2110 populus.
310 2024 426 2088 Itidem
456 2031 489 2089 et
516 2024 576 2088 tibi
609 2023 791 2098 faciendum
815 2045 940 2102 censeo,
981 2024 1055 2107 plus
1079 2024 1162 2089 enim
1186 2023 1274 2106 apud

94 2139 131 2197 te
157 2129 274 2194 valeat
304 2129 508 2194 literatorum
543 2135 576 2194 et
610 2129 739 2213 quidem
773 2149 950 2213 paucorum
986 2126 1142 2212 judicium
1176 2149 1274 2212 quam
1375 2141 1377 2145 '

94 2237 201 2302 nauci
234 2235 398 2299 hominum
426 2235 596 2300 innumera
626 2235 808 2300 multitudo.
856 2234 949 2312 Quod
981 2235 1008 2299 si
1038 2239 1151 2298 nostra
1181 2239 1274 2299 aetas

94 2363 208 2409 coeno
238 2340 402 2406 barbariei
430 2339 537 2420 infixa,
569 2340 611 2405 ad
641 2341 795 2433 politiora
824 2340 932 2406 stadia
961 2360 996 2404 se
1019 2339 1127 2405 levare
1150 2339 1273 2422 nequit,

94 2445 261 2514 succedet
283 2446 392 2511 forsan
417 2446 522 2511 altera
546 2451 637 2511 aetas
662 2467 745 2530 quae
769 2451 801 2510 te
824 2446 857 2509 iu
880 2445 986 2528 pretio
1010 2444 1145 2510 habebit
1169 2450 1202 2508 et
1230 2441 1273 2507 ad

94 2553 224 2637 sydera
247 2572 350 2636 usque
373 2551 502 2616 levabit.
549 2550 630 2616 Sunt
651 2557 765 2616 nostra
793 2557 902 2616 aetate
930 2544 1076 2616 homines
1098 2549 1274 2633 perversis·

94 2658 194 2736 simi,
226 2677 300 2721 nam
329 2678 427 2741 quum
457 2676 584 2739 semper
614 2677 712 2721 novas
736 2656 823 2737 (Divi
847 2656 1034 2740 Hieronymi
1058 2655 1158 2720 verba
1183 2653 1271 2740 sunt)

94 2767 264 2846 expetant
289 2761 472 2846 voluptates
504 2768 537 2825 et
567 2762 660 2844 gulae
689 2783 801 2826 eorum
832 2762 938 2826 vicina
968 2761 1071 2825 maria
1098 2782 1162 2824 non
1186 2760 1274 2826 suffi-

94 2870 205 2947 ciunt,
231 2867 335 2932 curin
351 2867 419 2933 solo
437 2866 543 2933 studio
560 2867 729 2932 literarum
753 2867 854 2932 veteri
871 2877 993 2949 sapore
1010 2866 1153 2931 contenti
1174 2864 1273 2930 sunt?

94 2975 282 3039 Caeterum
306 2973 367 3036 etsi
390 2993 523 3055 operum
547 2977 676 3037 tuorum
700 2972 866 3056 complura
889 2972 968 3035 mihi
985 2970 1160 3048 laetasint,
1184 2969 1273 3035 solae

94 3086 218 3145 tamen
243 3077 426 3142 Hebraicae
449 3079 541 3142 instit
564 3078 668 3143 tiones
699 3079 732 3142 in
765 3076 961 3142 bibliotheca
983 3081 1096 3141 nostra
1119 3074 1272 3141 resident.

94 3185 215 3263 Quare
239 3204 364 3266 precor,
386 3189 424 3253 ut
446 3184 511 3248 alia
535 3183 642 3248 omnia
665 3205 749 3267 quae
771 3182 927 3248 hactenus
943 3183 973 3246 in
992 3182 1096 3246 lucem
1112 3181 1273 3266 prodiere,

94 3291 245 3374 ingenuo
273 3289 341 3354 viro
368 3289 513 3372 Dietagio
537 3289 786 3354 Westerstetten
817 3289 910 3354 nobis
937 3287 1097 3353 mittenda
1130 3287 1186 3352 des
1216 3287 1273 3371 qui

94 3403 135 3462 et
171 3395 344 3477 pecuniam
377 3394 556 3476 dignationi
589 3401 666 3459 tuae
700 3395 827 3459 nomine
861 3399 973 3459 nostro
1017 3392 1141 3458 reddet.
1197 3393 1274 3458 Fuit
1368 3458 1372 3463 .

95 3520 234 3566 mecum
263 3520 323 3582 per
356 3499 414 3564 hos
447 3498 518 3565 dies
541 3499 644 3565 frater
668 3499 904 3565 Crismannus¹
928 3499 1089 3579 minorita,
1113 3521 1186 3564 eum
1210 3519 1273 3583 quo

96 3606 143 3671 de
180 3603 336 3669 hebraico
372 3604 516 3669 nonnihil
539 3605 680 3686 contuli,
716 3606 771 3690 qui
805 3609 839 3670 te
862 3604 999 3671 multum
1022 3606 1146 3671 salvere
1166 3603 1271 3688 jubet.

96 3709 254 3775 Laborat
276 3709 331 3773 ille
355 3709 407 3775 die
431 3715 593 3795 noctuque
617 3717 654 3776 ut
678 3710 890 3777 chronicam2
914 3732 1010 3795 quam
1034 3716 1089 3776 tuo
1108 3712 1202 3795 jussu
1225 3711 1274 3775 in-

691 3848 708 3887 *l

181 3941 191 3986 l
219 3935 358 3988 Crismann
385 3953 437 3988 war
463 3936 557 3989 mbuch
579 3938 624 3989 des
645 3938 922 3991 franzishenerordens
944 3939 970 3988 in
991 3938 1108 4006 Kempen
1133 3937 1174 3990 bis
1198 3940 1274 4003 1510,

100 4025 195 4077 wohiu
211 4041 238 4074 er
250 4042 302 4074 von
317 4025 350 4075 da
362 4026 435 4090 kam,
453 4028 488 4076 ist
501 4028 663 4078 unbekannt.
698 4031 764 4079 Dass
779 4045 806 4078 er
822 4031 868 4078 mit
881 4026 1007 4077 Reuchlin
1026 4026 1142 4079 bekannt
1155 4043 1207 4077 arar
1221 4025 1274 4080 und

97 4116 127 4164 in
142 4113 331 4164 brielwechsel
346 4114 431 4176 stand,
449 4114 502 4164 und
516 4131 584 4166 zuar
597 4122 744 4182 ephtestens
758 4114 838 4166 echon
856 4117 929 4178 1502,
943 4131 1017 4166 wozu
1026 4115 1168 4179 jedenfalls
1183 4113 1273 4168 beider

97 4200 265 4253 hebrttische
282 4200 388 4251 studien
409 4202 498 4252 anlass
518 4202 617 4268 geben,
636 4204 700 4270 geht
719 4219 767 4253 aus
785 4204 833 4252 den
852 4202 952 4252 briefen
971 4202 1087 4254 Ellenbs.
1107 4221 1139 4254 au
1159 4205 1188 4255 O.
1200 4202 1274 4256 lib.1

100 4306 143 4357 ep.
159 4291 202 4354 59,
219 4291 258 4352 10,
279 4290 313 4339 86
333 4289 386 4338 und
405 4290 447 4339 ein
464 4290 536 4340 brief
550 4290 595 4340 Es
617 4305 648 4339 au
672 4289 776 4341 Oonred
794 4291 916 4340 Pellihen
935 4288 982 4340 lib.
995 4291 1021 4340 II
1041 4308 1080 4358 cp.
1096 4295 1136 4355 7³,
1162 4297 1190 4342 ll
1211 4292 1273 4342 Okt.

103 4380 174 4428 1514
193 4377 299 4428 hervor.
357 4376 443 4428 2Von
462 4379 547 4429 dieser
565 4377 676 4429 chronih
694 4378 741 4440 ist,
761 4377 844 4429 seriel
862 4377 904 4427 ich
922 4371 1011 4442 weiss,
1030 4379 1117 4430 nichte
1136 4379 1274 4430 1110111111-

100 4465 170 4517 lieht
193 4464 316 4529 worden,
336 4462 390 4514 und
408 4481 457 4518 nur
474 4466 604 4529 bekannt,
625 4464 685 4516 dass
704 4465 772 4516 auch
795 4465 845 4518 uu.
865 4465 948 4534 (lib.1
965 4483 985 4518 s.
1006 4467 1039 4519 60
1058 4466 1174 4518 undatirt
1195 4466 1277 4535 1508)
