2798 4980
612 731 783 799 CCXVIII.
868 757 871 762 ·
966 754 968 758 ·

180 822 370 890 ¹orrannum.
1054 819 1144 871 enin
1167 820 1243 870 rare.

271 913 399 986 Frater
416 908 594 984 Nicolaus
612 907 800 1008 EIIenbog
819 908 1004 1009 Oapnioni
1023 907 1060 984 S.
1081 909 1127 983 D.

164 1138 168 1146 p
202 1060 387 1143 Praeceptor
410 1056 558 1136 colende3
582 1056 636 1140 qui
659 1055 719 1121 has
743 1056 804 1121 tibi
828 1055 970 1122 reddidit
992 1056 1105 1124 literas
1128 1062 1280 1144 pateret

107 1164 272 1251 jucundus
296 1168 329 1228 et
352 1164 456 1229 bonus
472 1161 586 1227 diebus
608 1161 660 1226 hic
684 1161 749 1244 egit
772 1163 893 1246 paucis.
940 1162 1004 1229 Ubi
1018 1170 1129 1229 autem
1142 1163 1281 1248 occoepit

111 1292 163 1335 me
196 1269 257 1335 tibi
286 1274 380 1334 tanta
409 1267 592 1332 devinctum
621 1267 874 1359 necessitudine,
905 1267 1031 1354 absque
1058 1269 1140 1335 meis
1171 1267 1214 1334 ad
1245 1274 1280 1334 te

110 1375 216 1440 literis
231 1373 322 1440 abire
346 1371 420 1438 hinc
436 1372 548 1436 noluit.
595 1371 657 1438 Sed
674 1393 712 1436 eo
736 1371 862 1439 facilius
878 1374 1064 1458 impetravit
1088 1372 1175 1459 quod
1196 1374 1282 1440 vole-

111 1479 256 1565 batque
280 1479 341 1544 tibi
372 1500 442 1543 sum
466 1475 602 1542 affectus
624 1478 826 1561 propensius.
872 1480 919 1544 Eo
943 1485 1051 1545 autern
1075 1501 1127 1545 me
1151 1501 1222 1545 esse
1246 1479 1280 1544 in

110 1592 144 1652 te
168 1585 278 1650 animo
309 1584 392 1650 scias
416 1583 501 1648 bono
529 1588 562 1648 et
592 1583 696 1647 amico
727 1604 790 1667 quo
814 1583 860 1648 fui
888 1605 1016 1670 semper
1046 1592 1079 1651 et
1102 1591 1222 1670 praeter
1245 1584 1280 1651 id

111 1691 240 1776 quidem
263 1689 350 1775 quod
373 1709 457 1754 nunc
480 1687 522 1753 ad
544 1694 578 1753 te
594 1686 769 1753 scriberem
794 1688 893 1754 habui
914 1689 1003 1755 nihil.
1049 1691 1199 1756 Ceterum
1216 1691 1280 1755 avi-

111 1795 245 1862 dissime
268 1795 362 1878 cupio
378 1793 491 1858 videre
511 1803 607 1867 :inps
625 1804 695 1853 nuta
712 1802 794 1878 'pana
811 1807 856 1854 nrt
876 1796 896 1875 ¹,
919 1796 1069 1879 promisit
1092 1795 1178 1860 enim
1196 1795 1280 1860 mihi

110 1891 268 1986 praefntus
291 1906 386 1985 pater
409 1921 443 1965 se
466 1897 545 1964 mihi
567 1897 658 1963 illum
673 1899 842 1984 missurum
866 1900 965 1966 breui.
1012 1901 1092 1967 Vale
1108 1900 1200 1966 bene.
1229 1901 1279 1980 Ex

111 2006 315 2090 Ottenpurra
337 2004 442 2090 pridie
465 2026 567 2070 nonas
591 2005 668 2090 maji
693 2010 786 2089 lale.

201 2133 262 2192 Ans
285 2131 345 2192 der'
359 2130 551 2192 handschrift:
575 2153 617 2186 =
637 2132 800 2207 Ellenbogii
826 2134 1014 2206 eptstolarum
1040 2131 1108 2192 IIbri
1129 2132 1182 2191 IX.
1207 2131 1277 2193 Cod.

110 2241 163 2300 lat.
192 2241 276 2300 5643
303 2238 355 2299 der
378 2238 508 2299 biblioth.
532 2238 677 2299 nationale
698 2239 728 2297 in
749 2238 848 2314 Paris,
872 2239 928 2299 vol.
946 2239 974 2314 1,
1001 2236 1051 2298 lib.
1068 2237 1121 2314 111,
1146 2239 1229 2313 epist.
1248 2240 1278 2312 4,

110 2343 162 2405 fol.
184 2340 252 2404 llb.
508 2337 510 2341 ’
557 2341 560 2347 ’

629 2527 767 2595 coxlx.

186 2617 326 2683 stuttgart.
1045 2619 1061 2668 5
1080 2618 1146 2669 duni
1168 2618 1244 2669 rste.
1338 2690 1341 2695 Ι

378 2703 543 2779 Joannes
561 2703 746 2779 ReuchIiu
764 2731 813 2778 an
832 2704 1008 2781 Erasmus

109 2867 215 2936 dankt
237 2868 290 2935 fiir
313 2867 503 2933 erhaltenen
518 2867 606 2934 brief
629 2869 695 2933 und
719 2867 812 2934 buch
843 2835 1094 2934 Mehercle‘cum
1118 2874 1176 2933 tua
1198 2868 1279 2952 lego,
1363 2847 1366 2851 ’
1390 2847 1392 2851 ¹

106 2977 157 3041 ita
172 2995 317 3040 meorum
333 2979 515 3039 contemtor
537 2995 608 3039 sum
630 2979 668 3039 ut
690 2995 775 3059 saepe
797 2979 887 3041 totns
910 2996 931 3039 a
953 2975 1078 3039 calamo
1104 2973 1279 3054 desideam‚

108 3079 298 3147 subtristior
312 3078 559 3164 aliquantisper,
582 3078 659 3145 dum
680 3079 861 3145 studiorum
877 3085 1006 3145 tuorum
1023 3079 1278 3163 magnitudinem

108 3190 200 3252 recte
233 3184 344 3268 judico
381 3185 557 3269 scriptores
599 3185 705 3250 aetatis
743 3192 862 3251 nostrae
900 3185 1024 3251 omneis
1063 3185 1280 3271 undequaque

591 3338 593 3343 ·
685 3314 703 3353 ΙΙ

107 3407 331 3478 quemadmodum
349 3413 375 3457 et
394 3406 537 3456 Germanos
556 3419 655 3468 omncs,
673 3410 800 3470 quotquot
819 3405 907 3456 Romae
926 3413 996 3468 sunt,
1016 3404 1161 3458 eruditione
1180 3403 1280 3470 longis·

107 3498 176 3548 sime
201 3495 343 3546 antecellit.
379 3493 525 3560 Stephanus
545 3499 632 3544 autem
652 3493 776 3556 Rosinuc,
796 3499 824 3544 ut
842 3492 953 3544 Caesaris
980 3494 1180 3544 sollicitatorem
1194 3491 1281 3563 decet,

107 3589 134 3638 in
156 3600 255 3650 magns
280 3582 350 3649 apud
376 3589 510 3632 senatores
536 3598 626 3632 omnes
644 3589 801 3648 purpuratos
824 3582 1032 3652 existimatione,
1057 3585 1143 3650 gratia
1170 3582 1281 3633 mirifice

106 3672 200 3743 polIet.
239 3671 378 3722 Galatinns
397 3671 482 3737 patria
496 3670 672 3736 Dyrachinus‚
692 3673 798 3721 natione
810 3671 929 3738 Epirota,
948 3670 1038 3734 latine,
1056 3687 1149 3739 grace,
1169 3671 1281 3733 ebraice,

108 3759 300 3826 chaldaicaeque
326 3760 518 3810 eruditissimus
540 3759 597 3822 jam
619 3766 686 3823 tum,
714 3774 849 3825 cumego
869 3758 954 3810 adhuc
973 3759 1061 3809 Roma
1081 3775 1172 3823 essem,
1191 3760 1216 3809 in
1238 3759 1281 3809 de-

106 3851 256 3902 fensionem
276 3847 420 3916 Capnionis
440 3848 555 3898 scribere
573 3847 714 3913 inceperat,
735 3848 875 3912 conarique
894 3847 1071 3897 demonstrare
1091 3849 1179 3896 omnia
1197 3847 1280 3898 nostri

107 3938 243 4005 dogmatIs
261 3938 387 4003 mysteria
406 3937 433 3984 in
452 3933 632 3986 ‘thalmudicis
652 3935 830 3985 voluminibus
850 3934 951 3998 haberi,
989 3936 1107 3999 Dumque
1126 3951 1175 4001 ego
1196 3934 1279 3986 disce-

107 4027 208 4089 derem,
228 4025 318 4076 decem
337 4025 472 4075 volumina
486 4025 610 4075 absoluta
625 4031 705 4086 erant,
725 4023 882 4088 dicebatque
901 4022 1022 4071 facienda
1035 4037 1174 4088 superesse
1194 4023 1280 4074 adhuc

107 4123 180 4168 octo.
217 4115 267 4177 His
292 4115 373 4180 igitur
398 4114 550 4180 argonautis
576 4130 652 4181 sporo
673 4113 835 4178 capnionern
855 4126 960 4160 aureum
986 4109 1073 4160 vellus
1093 4127 1126 4160 ex
1144 4110 1279 4176 Colchide,

106 4203 159 4255 hoc
179 4211 233 4264 est,
257 4202 480 4267 speciosissimam
506 4202 538 4251 de
559 4201 675 4253 diabolis
691 4201 746 4250 suis
766 4198 903 4249 victoriam
921 4197 1072 4248 relaturum.
1110 4199 1176 4250 Vale
1195 4209 1221 4250 et
1239 4215 1281 4252 me

105 4307 178 4345 ems.
218 4291 267 4340 Die
282 4290 382 4341 Diana.
421 4292 498 4341 Brevi
518 4297 544 4340 tc
557 4290 660 4341 videbo.
687 4287 801 4352 Petrejus
817 4285 1084 4353 Apcrbacchnstuus.
1124 4287 1280 4343 eoaeotb.

108 4383 173 4434 399.
195 4379 242 4430 fol.
263 4381 329 4430 256⁸
348 4378 389 4453 bis
408 4382 483 4430 257⁸.

183 4472 196 4528 ι
217 4467 269 4528 Die
288 4465 430 4543 folgenden
448 4465 623 4530 hebraisohen
642 4470 723 4529 sorte
742 4463 803 4528 siud
821 4464 896 4529 nicht
914 4479 946 4527 nu
965 4463 1046 4527 lesen.
