2798 4980
318 316 354 365 Ψ·
682 329 748 398 235

101 520 172 599 tus,
202 517 270 585 teis
298 515 467 603 perpetuis
496 519 611 604 vigiliis
634 525 667 586 et
690 519 984 602 lucubrationibus,
1007 519 1190 589 bominibus
1212 543 1283 608 ger·

99 623 216 691 menis
243 622 362 689 tribuit
397 627 432 690 et
459 623 569 708 palem
603 623 690 692 fecit.
737 625 833 706 Quod
862 626 890 692 si
922 625 1008 692 idem
1036 625 1124 693 relus
1152 627 1187 692 in
1218 627 1284 695 tuis

102 727 240 795 {emulis
263 733 358 808 esset,
381 729 439 813 qni
462 729 495 795 iu
518 730 591 798 divo
608 731 777 798 Vincentio
796 730 918 798 Hibero
931 731 953 811 ¹,
976 729 1123 797 ordinem
1145 729 1286 799 fratrum

98 833 362 919 praedicatorum
392 855 468 900 vere
491 834 648 920 professo,
676 836 748 917 fnit,
784 836 840 921 qui
865 833 1056 903 Vincentius
1089 856 1154 902 non
1176 832 1210 902 in
1232 837 1285 903 tui

101 937 245 1019 similos,
264 945 378 1007 contra
393 938 586 1009 charitatem
602 941 807 1027 inquirendo,
824 941 882 1033 sed
897 941 1027 1027 plebem
1044 941 1166 1008 Christi
1181 942 1286 1010 nostri

96 1042 208 1110 fidem
225 1043 379 1126 docendo,
402 1044 610 1112 abomnibus
633 1047 703 1132 ejus
720 1068 884 1114 sermones
899 1046 1109 1114 audientibus
1124 1046 1284 1132 intellige·

100 1149 212 1218 batur
234 1151 380 1236 profecto
403 1150 490 1217 inter
513 1157 545 1217 ta
570 1157 603 1229 et
625 1151 786 1219 Jacobum
808 1159 901 1220 tuum
924 1174 983 1238 pro
998 1152 1147 1238 improbo
1162 1156 1285 1218 conatu

100 1280 168 1326 suo
186 1256 466 1342 supplantatorem
489 1262 522 1323 et
544 1258 614 1343 ,ejus
636 1258 818 1342 complices,
841 1280 923 1344 quos
952 1265 989 1324 tu
1019 1258 1197 1344 quasarios,
1219 1278 1280 1324 nos

101 1384 189 1430 vero
213 1363 484 1448 quasidioetarios
505 1363 722 1448 appellamus,
753 1363 901 1430 simultas
925 1365 1012 1431 esset
1034 1365 1163 1430 omnino
1186 1364 1285 1432 nulla.

204 1468 381 1554 Superesse
418 1474 580 1552 putamus,
613 1474 650 1535 ut
686 1470 793 1555 posito
824 1477 926 1550 metu,
959 1470 1044 1535 sicut
1074 1491 1185 1536 omnes
1214 1490 1283 1553 nos,

104 1575 214 1642 etiam
244 1579 317 1640 tuos
347 1581 536 1654 vexatores,
567 1595 627 1660 per
657 1595 775 1642 nouum
802 1581 896 1641 tuum
919 1574 1058 1641 docuisti
1082 1576 1285 1660 opuseulum,

106 1694 180 1767 qno
204 1701 281 1745 nam
303 1679 398 1745 modo
421 1700 528 1746 sermo
550 1677 621 1746 fieri
646 1680 768 1747 debeat
789 1679 834 1746 ed
856 1679 1012 1765 populum
1029 1679 1057 1760 ²,
1080 1680 1127 1746 ita
1149 1701 1280 1767 quoque
1387 1731 1392 1743 2

106 1785 334 1870 germanicam
365 1784 559 1870 puericiam,
589 1785 845 1852 adulescentiam
873 1790 908 1850 et
929 1785 1133 1870 juventutem
1157 1785 1285 1868 doceas,

107 1891 263 1958 diversas
279 1889 469 1975 quascalles
484 1889 620 1974 linguas,
637 1897 672 1957 et
686 1890 865 1957 faciliorem
877 1889 1021 1957 discendi
1033 1890 1175 1971 modum,
1191 1898 1230 1958 ut
1245 1913 1284 1959 en

106 1995 221 2081 magis
243 1995 293 2061 tui
315 1994 423 2060 aemuli
449 1996 583 2081 jaceant
604 1996 750 2080 inglorii,
782 2001 882 2080 tuque
906 1996 1004 2061 etiam
1027 2003 1103 2080 post
1131 1995 1280 2063 Nestoris
1378 2032 1397 2078 .:·..

107 2122 237 2182 annos,
268 2121 403 2186 corpore
439 2100 599 2186 sepultus,
626 2106 740 2168 contra
769 2122 825 2168 eos
848 2101 1024 2184 gloriosum
1048 2101 1148 2168 ducas
1171 2102 1285 2181 trium·
1335 2109 1338 2117 '
1376 2085 1392 2112 '³

106 2207 228 2294 phum.
274 2206 410 2272 Domino
434 2205 599 2300 Stephano
623 2205 771 2274 Rosino³
794 2206 968 2292 plurimum
992 2206 1101 2288 debes,
1125 2207 1181 2293 qui
1203 2214 1279 2275 tuas

107 2309 206 2379 baud
230 2331 323 2376 secus
346 2330 445 2396 quam
468 2332 543 2377 suas
566 2312 715 2398 proprias
737 2333 797 2397 pro
820 2312 915 2393 virili,
939 2313 1037 2378 ctiam
1061 2315 1188 2380 nomine
1212 2313 1280 2381 Gae·

107 2434 233 2485 sareae
265 2416 460 2502 Majestatis,
495 2422 608 2483 tuetur
636 2438 760 2484 causas.
807 2418 916 2504 Teque
947 2418 1016 2484 sola
1047 2419 1096 2485 uti
1123 2418 1286 2488 credimus

107 2523 206 2591 fame
222 2521 284 2587 sibi
299 2528 422 2603 notum,
446 2522 606 2588 Martinus
630 2523 670 2590 de
687 2522 881 2608 Groninga⁴
904 2523 1029 2608 jurium
1050 2523 1166 2591 doctor
1185 2531 1298 2608 emat,

108 2628 240 2716 qnippe
273 2627 329 2714 qui
358 2628 521 2712 interpres
551 2629 692 2714 juratus,
724 2614 872 2712 magnam
906 2648 946 2693 ex
980 2627 1029 2694 bis
1065 2650 1150 2716 quae
1175 2637 1288 2698 nostre

109 2733 313 2801 Germanica
344 2733 455 2817 lingua
485 2734 519 2800 in
550 2734 633 2800 actis
666 2735 872 2802 continentur
901 2738 1029 2817 partem
1051 2733 1287 2821 interpretatus

112 2845 180 2932 est
227 2839 270 2905 Ει
292 2840 400 2906 omnia
429 2838 528 2906 breve
552 2846 618 2920 est,
642 2841 711 2907 Deo
739 2838 880 2919 volente,
902 2837 1122 2921 absoluturus,
1146 2839 1287 2906 minimis

112 2944 185 3013 tuis
212 2944 369 3032 expensis.
415 2944 483 3012 Nec
506 2944 573 3012 tuis
595 2945 694 3013 rebus
718 2946 810 3013 deest
832 2944 975 3011 Joannes
1005 2965 1066 3010 van
1100 2944 1159 3010 der
1182 2941 1287 3011 wik⁵

615 3136 618 3143 ,
695 3093 713 3132 ιιι

193 3203 205 3249 1
225 3197 309 3250 Hiber
319 3198 355 3249 ist
373 3197 401 3249 in
413 3198 459 3249 der
470 3197 620 3266 sammlung
639 3215 691 3250 von
703 3198 804 3250 Erherd
821 3197 895 3251 nicht
907 3197 1068 3266 aufgefilbrt.
1142 3201 1157 3247 2
1178 3196 1283 3249 Novum

116 3287 285 3356 opusculum]
304 3286 355 3338 soll
367 3286 449 3338 demit
467 3286 610 3338 Rsucblins
628 3302 671 3337 ars
685 3286 843 3354 praedicandi
861 3303 923 3337 vom
937 3288 958 3353 j,
981 3285 1175 3353 leolgemeint
1188 3286 1282 3337 rainl?

117 3379 133 3428 3
154 3374 272 3442 Stephon
285 3373 408 3437 Rosinus,
420 3373 479 3441 gab.
498 3373 526 3424 in
538 3374 689 3443 Augsburg,
707 3375 804 3427 studirt
822 3391 855 3427 an
866 3375 974 3426 Kralreu
987 3373 1042 3425 und
1052 3373 1117 3425 wird
1133 3376 1198 3425 1501
1227 3390 1288 3442 pro·

117 3465 204 3517 fessos
219 3461 265 3513 dor
278 3461 445 3529 philosophie
459 3461 488 3511 in
498 3462 584 3525 Wien,
604 3463 725 3530 augleich
737 3462 857 3514 licentiat
869 3462 914 3513 der
926 3463 1014 3513 recbte
1029 3461 1084 3512 und
1094 3460 1286 3513 bslrkelaureus'

104 3551 164 3616 *der
182 3548 324 3616 theologie,
343 3548 409 3599 wird
433 3549 473 3600 als
491 3548 594 3602 soloher
612 3549 706 3617 oaplan
723 3549 794 3601 Max.
813 3551 834 3614 Ι,
857 3549 979 3602 dombsrr
996 3566 1028 3601 uu
1049 3550 1158 3612 Passau,
1185 3549 1286 3613 Trient,

117 3638 197 3690 Wien
211 3636 265 3688 und
284 3637 312 3687 in
324 3636 369 3688 des
382 3636 483 3688 kaisara
500 3636 654 3704 goschltften
670 3637 728 3688 eine
744 3637 795 3689 neit
807 3637 871 3706 long
883 3637 952 3689 auch
970 3637 998 3688 in
1016 3638 1082 3687 Rom
1095 3637 1189 3704 tbittig.
1226 3637 1287 3688 Von

118 3725 210 3777 seiuen
229 3724 408 3792 aeitgenossen
426 3724 492 3775 wird
511 3740 538 3776 er
556 3724 597 3776 als
610 3725 788 3777 «lateinisches
806 3725 906 3777 dichter
928 3725 982 3776 und
1009 3723 1210 3775 matbematiker
1227 3723 1287 3776 sehr

118 3812 251 3882 gerohus,
262 3813 331 3864 ohne
344 3813 405 3864 dass
419 3829 446 3864 er
455 3812 507 3864 viel
521 3811 697 3864 schriftliehes
705 3811 880 3864 hintonlassen
892 3802 972 3863 husu,
991 3812 1027 3861 Er
1039 3811 1118 3862 stirbt
1129 3810 1197 3862 nnob
1209 3813 1286 3875 1534,

119 3900 338 3952 webrsobeinlieh
357 3917 390 3952 au
409 3900 518 3952 Passau.
590 3900 686 3968 svgl.
704 3905 786 3951 unten
805 3916 854 3951 nro
882 3899 962 3952 CCVI
979 3898 1175 3949 undReucblin
1192 3902 1287 3952 sill.

119 3990 136 4040 5
155 3975 227 4040 fiber
243 3987 295 4039 ‹len
312 3995 387 4040 sonat
406 3988 594 4042 unbekannten
613 4004 700 4050 mann,
720 3987 765 4038 der
784 4003 834 4038 uns
853 3987 881 4038 in
900 3986 945 4037 der
962 3986 1033 4054 folge
1053 3984 1122 4036 noch
1140 3987 1180 4036 oft
1191 3984 1286 4053 hogeg·

118 4092 172 4130 nen
190 4075 265 4139 wird,
290 4092 352 4143 meg
376 4076 498 4144 fulgendo
522 4075 594 4126 notia
617 4091 664 4126 aus
689 4075 760 4126 einer
783 4073 939 4141 biograpbie
957 4073 1091 4124 Hermann
1109 4073 1211 4124 Busebs
1229 4072 1286 4126 hier

118 4164 196 4216 ibren
214 4165 285 4231 plata
310 4164 411 4216 finden:
442 4165 541 4215 interea
565 4163 628 4214 dum
651 4162 790 4229 utriusque
813 4177 895 4214 nense
918 4159 1090 4212 ventilaretur
1112 4161 1215 4226 Roma,
1240 4161 1287 4214 ubi

117 4252 298 4321 patrocinium
316 4251 456 4303 Reueblini
474 4251 590 4318 suscepit
612 4255 638 4302 et
661 4250 744 4318 ipsius
762 4249 893 4301 actionem
917 4247 1033 4300 defendit
1051 4247 1159 4299 Buschii
1178 4249 1286 4314 amicus,

116 4340 211 4393 doctor
228 4339 256 4391 J.
276 4339 309 4390 U.
327 4338 446 4391 Jcannes
463 4355 480 4390 a
498 4339 585 4403 Wiclr,
605 4338 651 4404 qui
669 4343 760 4405 postea
777 4353 850 4388 anno
869 4336 968 4388 domini
990 4338 1056 4388 1533
1077 4335 1286 4400 iuvenesnon,

115 4433 275 4493 persuetus
295 4431 404 4504 martyr,
422 4427 560 4498 tyrannico
578 4432 618 4491 est
636 4425 739 4492 occisus
757 4439 774 4489 s
791 4424 925 4490 canonicis
941 4423 1191 4488 monesterisntibue
1209 4438 1287 4502 prop-
