2580 4178
65 125 214 172 reversus
247 122 350 170 essem
385 121 406 166 a
437 97 536 180 mais,
570 97 729 179 intellexi,
759 96 860 165 libros
891 94 966 163 illos
1001 94 1046 163 ed
1074 96 1111 161 ts
1131 90 1227 161 inissa

63 212 282 288 transmissos,
304 215 414 273 utrum
433 226 510 271 vero
521 204 607 298 illos
630 203 794 289 receperis
810 224 870 269 nec
892 223 934 268 ne
949 199 1038 269 haud
1054 199 1133 267 dnm
1148 220 1229 266 com·

66 321 196 401 pertum
219 314 334 380 habeo.
380 311 467 377 Bene
491 310 603 394 itaque
626 309 758 389 leceris,
781 308 808 374 si
831 307 893 374 hac
915 307 957 373 dc
980 327 1017 372 re
1040 326 1094 371 me
1117 306 1229 373 certio

64 442 132 487 rem
156 420 285 486 reddas.
333 416 540 501 scripsissem
564 414 732 482 confestim
755 419 832 501 post
854 411 997 479 reditum
1019 432 1148 492 meum,
1176 408 1229 477 sod

64 524 118 590 vix
149 524 251 589 limini
277 521 396 607 ,pedam
429 520 619 601 intuleram,
653 542 725 586 cnm
759 520 878 586 iterum
911 517 1005 584 abire
1028 520 1166 583 coactus
1187 516 1229 582 fui

62 651 211 714 nuncque
239 628 367 695 demum
391 632 467 711 post
489 626 607 692 multos
631 646 781 692 reversus
804 646 876 691 sum
898 623 1057 701 labores„
1080 621 1148 689 Sed
1163 644 1229 707 qna

66 735 239 802 scribenda
272 739 366 799 erant
408 730 560 798 brevibus
595 730 715 816 accipe.
770 728 971 796 Prohibucre
998 727 1078 806 olim
1099 725 1229 813 Ephesii

65 861 183 907 nomen
217 838 368 904 scelerati
403 836 490 903 illius
523 835 663 902 hominis
697 837 755 921 qui
776 836 892 901 Dianae
919 833 1079 922 templum
1100 854 1229 901 succen-

65 946 160 1012 derat
189 944 358 1010 literarum
387 941 602 1009 monumentis
639 941 758 1021 inseri,
794 940 987 1007 scilicetne
1016 960 1060 1006 ex
1088 939 1227 1007 facinora

64 1050 120 1117 illo
144 1048 270 1116 nefasto
293 1054 486 1132 perpetuam
509 1046 698 1114 memoriam
721 1048 945 1131 assequutus¹
969 1066 1042 1112 esse
1057 1044 1227 1113 videretur.

65 1155 114 1222 Tu
145 1176 221 1220 vero
255 1154 416 1220 hominem
452 1152 513 1218 tibi
546 1152 802 1219 inimicissimum
837 1158 873 1218 et
905 1152 960 1238 qui
994 1151 1095 1218 aliter
1130 1151 1228 1220 doctis

66 1261 228 1346 praecipue
256 1259 385 1343 ignotus
408 1257 524 1324 fuisset
545 1257 636 1324 libris
659 1258 724 1325 tuis
740 1257 896 1324 celebras.
935 1257 1011 1324 Vidi
1027 1257 1117 1323 enim
1129 1278 1229 1345 nuper

69 1365 225 1432 libellos²
249 1369 322 1430 tuos
345 1385 366 1429 a
388 1369 421 1430 ta
445 1364 588 1445 emissos,
612 1363 645 1429 in
661 1363 779 1450 quibus
794 1362 972 1450 semijudaei
993 1363 1083 1430 illius
1099 1364 1227 1430 mentio·

65 1493 138 1537 nem
171 1469 266 1550 facis,
303 1468 441 1535 hominis
474 1470 566 1554 cujus
594 1470 750 1536 memoria
778 1470 938 1553 deterre
972 1470 1152 1536 viventium
1179 1469 1227 1536 de-

64 1576 162 1642 lenda
190 1582 285 1642 esset.
332 1575 396 1641 Sed
420 1576 486 1640 scio
510 1574 696 1659 respondes,
720 1583 753 1641 te
776 1597 840 1641 non
864 1574 1017 1641 laudibus
1033 1575 1093 1642 sed
1108 1575 1227 1669 meritis

64 1682 219 1748 conviciis
242 1680 333 1745 illum
356 1680 621 1765 prosequutum³
644 1702 715 1747 esse
739 1687 883 1748 streete
908 1680 1049 1766 quidem.
1097 1682 1143 1747 at
1168 1704 1226 1749 nou

67 1787 180 1852 vides?
212 1785 246 1850 id
274 1786 360 1869 quod
391 1791 488 1851 antea
517 1786 679 1866 dixeram,
706 1785 795 1853 illum
820 1787 881 1853 hoc
904 1793 1002 1872 pacto
1026 1786 1152 1854 famam
1173 1809 1226 1855 seu

63 1893 165 1975 magis
187 1890 353 1955 infamiam
376 1900 583 1975 assequutum
599 1893 614 1932 ⁴
630 1913 702 1958 esse
726 1900 760 1957 et
782 1892 869 1977 quod
892 1892 1035 1978 propriis
1050 1893 1223 1960 virtutibus

65 1997 127 2063 sibi
150 1996 343 2078 denegatum
370 1995 507 2077 viderat,
538 1996 572 2063 id
599 1997 718 2063 inimici
747 2019 848 2082 opera
878 1998 1083 2083 quaesivisse,
1107 1998 1225 2065 scilicet

63 2108 100 2168 ut
123 2102 290 2167 doctorum
315 2100 439 2166 volaret
461 2124 520 2186 per
543 2119 602 2168 ora
625 2103 776 2169 virorum.
821 2103 948 2169 Nollem
972 2105 1087 2189 itaque
1112 2103 1222 2170 dehinc

63 2206 218 2292 opuscula
240 2213 298 2272 tua
320 2207 380 2271 tali
402 2207 530 2290 piaculo
553 2208 704 2288 foedares,
727 2209 890 2293 praecipue
915 2231 987 2276 cum
1001 2209 1057 2274 ‚nil
1082 2210 1126 2276 ad
1141 2231 1225 2276 mon·

63 2319 166 2378 strum
199 2312 280 2377 illud
311 2313 497 2379 attinerent.
543 2314 621 2379 Haec
654 2319 693 2380 ut
723 2315 847 2381 amicus
878 2314 934 2400 qui
965 2321 998 2381 te
1023 2315 1067 2382 ob
1090 2316 1224 2383 virtutes

62 2424 136 2483 tuas
159 2418 345 2482 innumeras
361 2418 496 2502 suspicit
512 2417 524 2456 ⁵
548 2426 583 2484 et
598 2419 804 2485 vehementer
820 2427 911 2486 amat
931 2420 1047 2487 scribo.
1089 2422 1138 2488 'l'n
1154 2442 1225 2488 vero

63 2523 140 2607 quid
175 2521 359 2588 faciendum
395 2523 451 2602 sit,
486 2530 612 2589 mature
647 2525 886 2609 consyderabis.
941 2527 1061 2609 Reperi
1096 2527 1226 2593 Treveri

63 2628 276 2712 antiquitates
309 2628 415 2693 varias
450 2634 517 2692 tam
553 2651 674 2713 graecas
716 2652 812 2715 quam
844 2631 972 2697 latinas.
1026 2633 1079 2697 Ex
1113 2632 1226 2719 quibus

62 2754 166 2816 graeca
189 2734 255 2798 ista
277 2733 382 2812 mitto,
406 2733 562 2800 missurus
586 2741 619 2801 et
641 2736 752 2817 latina,
777 2738 804 2801 si
828 2736 887 2802 tibi
910 2738 944 2802 id
973 2737 1106 2822 placere
1137 2737 1226 2804 intel-

60 2837 185 2917 lexero,
225 2845 316 2903 tuum
355 2839 465 2924 itaque
497 2841 559 2905 erit
590 2842 780 2908 rescribere.
838 2843 917 2908 Vale
958 2850 991 2908 et
1026 2866 1226 2930 quaecunque

59 2948 216 3026 praestare
239 2952 353 3027 potero
379 2966 399 3010 a
421 2967 472 3010 me
495 2945 633 3012 fidenter
656 2949 756 3032 exige.
801 2950 851 3014 Ex
873 2949 1100 3036 Nuremberga
1123 2951 1225 3018 kalen.

62 3047 252 3114 decembris.
276 3050 368 3115 Anno
395 3055 478 3116 1512
497 3053 517 3118 ⁶.

628 3155 647 3190 li

60 3233 83 3276 4.
121 3225 322 3295 Demosthenes]
353 3227 434 3278 findet
460 3229 517 3279 sicb
546 3231 620 3281 nicht
644 3239 719 3282 unter
745 3232 794 3282 den
825 3235 960 3300 ausgaben
987 3235 1034 3286 der
1062 3237 1166 3302 werke,
1188 3238 1228 3289 die

57 3315 140 3365 Aldus
160 3315 262 3381 verlegt
281 3316 326 3366 hat
348 3317 381 3380 (s.
405 3316 452 3366 das
475 3319 652 3369 verzeichniss
674 3322 716 3370 bei
741 3321 859 3372 Sohiiok:
883 3323 967 3374 Aldus
986 3325 1124 3377 Manutius
1144 3327 1229 3378 Berlin

61 3406 126 3453 rasa
148 3420 168 3454 s.
189 3407 221 3454 ao
240 3405 281 3455 bis
301 3405 355 3467 aa).

131 3498 141 3541 l
163 3495 308 3542 Assecutus
322 3498 345 3542 4.
420 3498 433 3542 2
451 3492 577 3560 Libellos]
597 3497 786 3562 augenspiegel
799 3497 854 3547 und
867 3497 934 3548 „Ain
949 3498 1019 3550 clare
1034 3509 1227 3555 verolentnns.“

58 3584 73 3627 3
95 3581 264 3630 Persecutnm
285 3586 308 3630 4.
382 3586 398 3629 4
419 3583 577 3632 Asseoutum
592 3587 614 3631 4.
688 3586 703 3632 5
724 3585 842 3651 Suspicit
857 3587 1029 3653 arrsgelassen
1044 3596 1069 3641 4.
1146 3595 1161 3642 6
1182 3595 1228 3645 Νο-

57 3667 188 3733 rirnberga
208 3674 232 3719 4.
265 3669 298 3718 lla
323 3668 439 3730 soheint,
463 3670 523 3720 dass
542 3670 722 3722 Pirckheimer
747 3675 794 3722 mit
818 3674 863 3724 der
882 3677 1126 3746 rerbffentliohnng
1147 3681 1228 3732 dieses

56 3752 153 3803 brieice
172 3757 245 3805 nicht
264 3757 411 3807 sonderlich
433 3759 564 3809 zusrieden
583 3775 643 3809 war.
681 3762 765 3810 Wenn
785 3763 852 3813 auch
873 3764 949 3814 keine
968 3765 1064 3831 eigene
1083 3773 1228 3837 dussmnng

59 3856 108 3889 von
130 3841 184 3890 ihm
203 3842 315 3895 dariiber
334 3845 451 3896 bekannt
475 3850 520 3910 ist,
545 3865 574 3898 so
597 3849 661 3914 geht
685 3866 713 3898 es
738 3850 788 3900 nol
814 3866 861 3901 ans
882 3853 1005 3903 Behaims
1028 3864 1132 3908 worten
1151 3875 1183 3909 an
1201 3859 1227 3908 P.

57 3929 157 3978 hervor.
198 3931 325 3998 Dialogus
348 3933 392 3982 ille
421 3936 585 4002 [unbekannt
611 3936 733 4005 welches]
763 3939 827 3988 rnihi
855 3940 919 3990 satis
937 3940 1054 4006 placuit:
1079 3960 1144 3996 nam
1163 3945 1228 3996 dedit

55 4017 119 4071 mihi
132 4019 264 4073 Huttenua
284 4020 318 4073 ad
336 4021 485 4093 legendum,
503 4026 549 4076 sed
563 4025 633 4094 quod
652 4026 684 4076 ad
697 4027 827 4080 Reuohlin
841 4029 938 4094 mittas,
956 4034 1048 4083 nescio
1067 4033 1092 4085 si
1108 4035 1225 4103 probem:
