2798 4980
675 343 741 408 332

119 545 197 605 'rnen
221 558 307 623 sape
331 538 378 603 tui
408 556 507 601 carisa
530 541 655 611 metuo,
690 557 729 600 uc
753 532 964 600 multitudine
987 532 1128 598 civilium
1150 529 1258 617 negotio

120 665 193 710 rum
218 643 388 727 frangaris,
412 644 473 708 uisi
489 642 665 727 aliquando
680 641 803 706 laboris
827 639 984 706 duriciam
1000 639 1184 705 humaniora
1202 659 1257 722 que

122 749 198 816 dam
214 748 323 815 studio
339 749 439 813 laxes.
481 748 591 826 Quare
615 748 642 812 si
659 747 736 831 quid
760 754 811 811 est
826 748 858 811 in
875 767 924 810 me
941 745 1075 824 consilii,
1091 742 1261 828 Lampartlu,

121 853 209 940 quod
232 856 337 920 sentio
360 875 456 939 quam
485 855 528 918 sit
557 854 721 936 exiguum,
751 859 900 935 optarem
932 851 1122 934 plurimum,
1151 857 1185 915 ut
1204 869 1261 934 quo·

122 959 203 1026 libet
226 968 372 1044 tempore
396 958 442 1023 rel
468 959 579 1023 horam
601 957 929 1042 quantulamcumque
953 978 974 1022 a
1004 955 1132 1040 plebejo
1154 955 1260 1039 strepitu

123 1075 158 1131 et
179 1066 286 1131 aulica
301 1066 458 1130 servitute
482 1065 514 1128 in
536 1065 634 1127 animi
657 1062 877 1148 quietudinem
902 1071 934 1128 te
951 1061 1132 1127 vindicares
1147 1066 1261 1144 etquen-

122 1170 197 1237 dam
222 1170 307 1235 haud
331 1168 535 1252 injocundum
561 1168 756 1235 libertatem.

213 1275 282 1341 Hoc
306 1296 376 1338 cum
402 1274 553 1354 dicerem,
577 1276 689 1358 putari
725 1281 756 1338 te
780 1274 957 1358 intelligere
982 1272 1069 1358 quidx
1084 1272 1182 1350 velim,
1201 1269 1261 1336 scili·

122 1388 184 1459 eet,
207 1388 244 1446 ut
268 1401 330 1444 non
355 1380 472 1444 omisso
496 1379 553 1444 sed
578 1381 761 1446 intermisso
790 1378 939 1463 populari
975 1378 1105 1463 negotio
1136 1383 1167 1443 te
1186 1396 1258 1461 quan·

123 1487 230 1571 doque
259 1504 455 1551 summarum
481 1494 514 1549 et
537 1485 717 1551 divinarum
741 1506 849 1551 rerum
873 1484 1004 1550 lectioni
1028 1480 1259 1568 mancipareaio

124 1612 199 1677 qua,
223 1592 255 1657 ni
280 1590 384 1670 failor,
407 1598 505 1674 capot
529 1599 579 1656 est
602 1593 691 1675 pacis
714 1599 748 1657 et
771 1610 923 1674 suprema
946 1588 1172 1674 tranquillitas.
1191 1589 1258 1652 Fece

125 1705 203 1764 runt
224 1698 272 1762 ita
295 1698 425 1762 maximi
449 1718 555 1761 rerum
590 1696 791 1780 publicarum
824 1695 1069 1779 gubernatores.
1116 1695 1169 1760 Ille
1188 1713 1258 1779 qnon-

121 1801 196 1869 dam
212 1803 340 1886 Moyses
357 1823 421 1887 quo
443 1802 504 1866 fuit
527 1824 620 1867 uerno
648 1803 828 1886 Imperator
859 1808 892 1867 et
908 1802 1123 1867 diuturnitate
1138 1797 1257 1884 temporis

122 1916 156 1973 et
180 1908 317 1974 militum
341 1910 435 1992 copia
459 1928 600 1992 unquam
618 1910 721 1993 major
745 1908 891 1973 ascendit
913 1906 1001 1972 solus
1025 1909 1058 1973 in
1082 1907 1257 1984 mentemst

121 2033 195 2080 cnm
219 2015 279 2079 deo
303 2014 506 2099 loqueretur;
532 2013 643 2094 Minos,
672 2012 873 2079 Cretensium
897 2013 974 2091 Rex,
998 2014 1041 2078 ad
1065 2013 1173 2079 Jovem
1192 2008 1255 2076 sein

122 2125 252 2185 antrum
276 2121 452 2204 corripuit;
478 2120 591 2196 Numa,
616 2120 782 2203 Pomponii
812 2118 906 2198 filins,
938 2120 1153 2185 Romanorum
1173 2135 1254 2200 regne

120 2230 182 2302 tor,
205 2245 278 2290 cnm
302 2226 419 2308 Egeria
453 2224 613 2290 interdum
639 2225 773 2290 consilia
800 2245 944 2290 seorsum
972 2225 1187 2290 comunicavit
1204 2218 1256 2300 uui·

120 2327 181 2393 bue
206 2329 416 2411 religionibus
440 2336 472 2394 et
487 2329 618 2396 labores
641 2330 857 2396 sublevabant
880 2337 913 2395 et
935 2330 1055 2415 populo
1079 2329 1199 2396 maximi
1215 2347 1253 2410 sp

85 2513 88 2520 ,
122 2433 293 2517 parebant.
342 2434 433 2499 Unde
457 2439 548 2520 quies
579 2438 646 2502 haec
675 2443 709 2501 et
738 2457 883 2502 recessus
914 2437 947 2500 iu
971 2456 1005 2500 se
1038 2457 1153 2503 nomen
1172 2431 1253 2500 divini·

122 2539 203 2604 tatis
227 2539 350 2605 habuit.

207 2643 300 2725 Quod
324 2653 360 2712 ut
382 2647 519 2713 imiteris
544 2649 610 2730 jeci
633 2649 740 2732 prima
762 2647 982 2714 fundamenta.
1030 2649 1114 2714 Nam
1137 2649 1207 2714 hanc
1223 2642 1250 2708 de

117 2753 290 2817 nativitate
320 2753 440 2818 domini
478 2755 688 2819 orationcm¹
718 2775 737 2818 a
773 2754 884 2820 Proclo
924 2753 1090 2838 Cyziecnsi
1127 2754 1251 2840 Episcopo

118 2858 281 2942 quondam
305 2859 582 2944 Constantinopoli
607 2861 752 2925 habitam
777 2881 914 2943 egreeco
937 2861 970 2924 in
995 2860 1130 2926 latinum
1151 2880 1200 2944 per
1216 2875 1251 2920 ne

117 2962 259 3029 fideliter
289 2965 482 3030 translatam
513 2966 665 3045 nullibi,
697 2966 744 3030 uti
777 2966 816 3031 dc
842 2987 892 3030 me
916 2965 1087 3051 saluteque
1111 2986 1176 3033 mee
1194 2963 1252 3028 bene

119 3071 254 3135 mentua
283 3091 326 3149 es,
359 3070 451 3148 donc,
477 3071 527 3150 dc,
552 3070 622 3154 lego
653 3078 690 3136 ut
713 3070 810 3154 legas,
835 3071 961 3154 quaein
986 3071 1121 3137 concilio
1145 3062 1253 3155 generali

118 3174 262 3240 eeclesiae
286 3176 453 3241 catholicae
476 3177 573 3241 tertio
598 3175 716 3260 Ephesi
741 3197 761 3241 a
784 3176 938 3241 trecentis
970 3176 1119 3266 patribus
1151 3171 1253 3241 laudata

118 3288 151 3343 et
174 3280 357 3363 approbata
379 3283 520 3347 omnium
544 3302 702 3348 censensu
725 3281 795 3346 suit.
834 3281 937 3366 idque
961 3288 1053 3349 tanto
1077 3282 1137 3347 feci
1160 3279 1250 3364 majore

118 3384 235 3464 studio,
258 3391 296 3448 ut
319 3406 358 3450 ea
381 3387 490 3453 emilia
513 3389 546 3453 in
570 3389 652 3453 sesto
676 3387 857 3452 nativitatis
876 3388 1002 3452 Domini
1025 3390 1092 3454 tuis
1114 3387 1252 3454 offerretur

193 3583 201 3626 l
224 3578 344 3629 Dariiber
368 3588 428 3645 sagt
457 3582 501 3631 der
524 3581 589 3632 subu
611 3582 657 3632 des
676 3525 818 3649 (tiegerus
839 3584 1000 3649 Laruparter,
1021 3585 1190 3651 Hieronymus
1204 3579 1252 3630 Mos·

116 3663 256 3718 hachensis
276 3671 445 3735 praepositus,
472 3668 518 3720 der
537 3671 713 3736 herausgebcr
731 3671 816 3722 dieser
836 3669 926 3721 schrift
950 3673 976 3721 iu
996 3673 1083 3723 ssiner
1102 3673 1217 3736 widmuog
1230 3682 1251 3716 m

114 3755 198 3822 hduig
219 3755 377 3806 Perdinand:
402 3759 477 3808 Hauc
496 3761 643 3808 orationem
663 3759 817 3824 Cysiosnsis
837 3761 953 3826 episcopi
974 3761 1065 3812 Procli
1086 3762 1117 3813 de
1133 3754 1251 3813 admirando

114 3846 159 3895 τοῦ
184 3847 295 3914 σωτῆρος
323 3848 404 3896 nostri
430 3855 521 3913 partu,
548 3864 631 3914 nuper
662 3849 688 3898 in
713 3848 877 3899 bibliotheca
909 3849 1060 3901 charissimi
1092 3851 1196 3918 parentis
1217 3841 1252 3894 mei

116 3933 149 3984 D.
163 3934 286 4000 Gregorii
307 3935 478 4002 lrampsrther
497 3953 512 3985 a
532 3936 742 4002 Greypheustein
764 3937 906 4000 inventum,
927 3937 975 3987 sub
996 3947 1046 3988 tuas
1065 3939 1197 4005 majestatis
1211 3946 1252 3984 oum

113 4022 220 4072 nomino
233 4030 287 4072 tnrn
302 4025 408 4073 numine
421 4041 524 4089 quoquc
544 4026 675 4090 invulgari
693 4025 773 4075 volni.
812 4026 895 4087 Quam
910 4028 1066 4091 oraticnem,
1086 4028 1127 4079 vel
1140 4035 1165 4079 ut
1175 4018 1251 4078 authori

113 4109 164 4175 ipsi
191 4109 325 4177 adpellare
348 4112 448 4178 placuit
474 4106 570 4180 ὁμιλίαν
599 4115 662 4164 οΙίιιι
690 4114 768 4163 trium
796 4115 987 4180 praecipuarum
1013 4115 1160 4183 linguarum
1179 4115 1252 4164 incon·

114 4196 242 4262 parabilis
271 4199 389 4250 adsertor
410 4201 569 4251 Renchlinus
594 4218 607 4250 c
633 4217 718 4267 graeco
739 4217 852 4265 versam,
873 4203 973 4268 parenti
995 4221 1053 4254 meo
1073 4213 1098 4256 et
1115 4199 1252 4268 inscripserit

111 4294 141 4335 ct
164 4292 290 4351 tauquam
317 4289 395 4354 longe
424 4290 655 4356 pretiosissimam,
679 4305 732 4339 non
752 4307 766 4341 e
784 4291 939 4357 Taprobane
961 4308 1012 4342 non
1038 4311 1072 4344 ex
1096 4294 1175 4355 ludis,
1194 4285 1251 4338 sede

114 4371 313 4425 foecundissimo
342 4376 475 4427 literarum
503 4393 648 4443 graecarum
679 4393 779 4429 cesano
806 4379 947 4432 collectam
975 4381 1085 4438 donarat
1115 4375 1251 4453 mergurien!

113 4461 192 4519 tiit
211 4460 267 4536 (405
286 4461 357 4522 brist
371 4463 406 4522 lli
425 4480 473 4520 au!
491 4465 633 4544 Tllbingen
657 4471 665 4514 1
687 4465 749 4526 Jan.
773 4469 862 4542 1529).
1222 4480 1225 4485 ’
