2798 4980
660 314 725 380 355

596 502 785 572 Lxxxlvs

113 658 116 663 Α
180 588 382 654 (uenientem
399 591 417 656 Ι)
1024 596 1055 644 ιι
1073 592 1140 644 sev.
1164 594 1240 647 reos.

108 695 207 769 Aldo
236 692 406 769 Manutio
433 695 620 794 Romano,
652 699 692 772 in
715 700 804 799 ipsis
831 698 947 773 tribus
974 696 1112 798 linguis
1133 696 1276 799 peritis-

219 816 311 890 sime
331 843 397 892 suo
417 844 461 893 ae
478 822 698 922 praeceptori
717 847 861 923 semper
880 818 1111 895 observando
1132 819 1158 893 ².

195 981 336 1047 Jeanues
352 982 509 1048 Reuchliu
527 982 541 1022 ³
560 984 748 1068 phorcensis
770 983 853 1050 llldo
869 984 1018 1051 Manutie
1034 985 1178 1051 Romano
1195 985 1226 1052 S.
1242 985 1273 1052 d.

197 1085 350 1152 Oblectet
373 1108 424 1152 me
453 1087 627 1172 plurimum
656 1089 809 1156 familiari
838 1089 1082 1155 conversatione
1111 1096 1184 1170 tua,
1216 1111 1276 1156 nec

109 1199 171 1270 eet,
195 1191 292 1258 crede
316 1191 409 1273 mihi,
437 1195 619 1261 averitate
642 1195 783 1261 alienum
806 1193 894 1280 qued
917 1200 992 1260 tuas
1013 1193 1083 1280 ipse
1107 1194 1220 1260 literas
1242 1195 1276 1260 iu

80 1344 83 1347 -
104 1296 257 1380 jocalium
277 1318 422 1364 meorum
447 1298 570 1365 deliciis
594 1300 708 1367 habeo.
747 1301 832 1366 Saue
855 1299 963 1364 emnia
987 1298 1069 1365 bene
1093 1298 1181 1364 eleut
1203 1319 1275 1384 qua

108 1402 166 1468 abs
188 1409 221 1467 te
244 1401 501 1487 proficiscuntur,
525 1405 573 1470 ita
592 1412 629 1471 ut
649 1405 773 1472 relictis
793 1405 913 1472 nestris
937 1403 1121 1489 bibliopolis
1144 1404 1276 1471 beatum

109 1528 159 1572 mc
188 1507 256 1574 fere
284 1516 395 1593 putem
424 1511 452 1575 si
479 1517 536 1576 tua
565 1531 605 1575 ex
633 1512 704 1596 ipso
732 1518 765 1576 te
790 1510 955 1595 accipiam.
1002 1509 1109 1588 Quare
1132 1509 1206 1575 huic
1229 1509 1277 1575 ia·

108 1611 225 1678 miliari
248 1635 320 1680 mee
343 1613 521 1680 redeuuti⁴
544 1616 587 1681 ad
610 1623 642 1682 te
666 1616 751 1682 istuc
773 1617 806 1682 in
822 1615 986 1689 mandatis
1009 1615 1093 1695 dedi,
1118 1623 1154 1681 ut
1176 1615 1276 1681 libros
1369 1636 1374 1643 ·

108 1717 232 1802 aliquot
255 1720 371 1805 quibus
395 1742 490 1787 careo
514 1721 558 1787 ad
581 1743 632 1788 me
655 1721 865 1807 perferendos
889 1720 929 1786 de
951 1728 985 1787 te
1009 1729 1125 1800 sumat,
1153 1727 1274 1806 quanto
1355 1722 1358 1728 '

109 1829 210 1907 queat
230 1825 373 1905 mineris,
397 1828 577 1911 prasertim
600 1847 735 1912 grecos3
759 1849 833 1892 nam
855 1826 972 1891 latinos
994 1825 1131 1891 faciles
1154 1825 1275 1891 nestris

110 1951 213 1994 emam
252 1929 347 2015 plane
382 1932 590 2016 paucioribus
621 1934 769 1998 nummis.
816 1931 953 2017 Reliqua
985 1951 1061 1997 vere
1094 1936 1170 1997 suut
1202 1949 1274 2016 quae

108 2035 220 2100 mittas
252 2036 415 2103 volumina
444 2058 515 2104 ere:
547 2037 679 2103 Suidam
709 2043 747 2102 ut
774 2035 936 2121 polliceris
960 2035 983 2117 ὅ,
1011 2037 1089 2102 item
1121 2034 1277 2120 epistolas

108 2160 240 2221 grecas,
263 2142 341 2207 item
365 2142 604 2222 Dioscoridem,
635 2142 713 2208 item
737 2141 937 2227 Simplicium
960 2141 992 2206 in
1015 2140 1277 2226 predicamenta,

108 2244 186 2309 item
210 2245 401 2331 Gregorium
425 2248 672 2327 Nazianzenum
696 2249 773 2314 item
797 2247 957 2327 Noenum,
982 2247 1060 2313 item
1085 2245 1275 2331 Sophoclea,

109 2350 187 2415 item
215 2358 290 2418 ante
320 2354 428 2419 emnia
450 2355 666 2434 Herodotum,
697 2355 775 2420 item
805 2375 901 2420 unum
930 2375 948 2419 e
977 2352 1087 2418 latinis
1111 2351 1275 2418 Valerium

111 2456 286 2522 Maximum
310 2457 413 2524 literis
436 2459 545 2543 parvis
571 2460 592 2523 ⁶.
638 2459 765 2526 Caetera
788 2461 872 2525 enim
895 2458 1000 2524 habeo
1023 2459 1093 2543 ipse
1116 2478 1183 2542 ege.
1230 2455 1274 2521 At

108 2582 183 2626 vero
212 2584 289 2646 erga
316 2585 367 2629 me
398 2565 502 2630 utaris
532 2564 629 2631 velim
659 2588 721 2631 uon
751 2566 984 2631 :auctionatoris
1014 2564 1071 2630 sed
1101 2563 1197 2629 amici
1227 2559 1274 2625 of·
1345 2597 1353 2609 =

108 2663 197 2746 ficio,
227 2690 267 2733 ne
298 2668 377 2734 mihi
405 2669 591 2753 pudendum
621 2670 665 2736 sit
694 2693 714 2736 a
745 2672 851 2736 tenuis
874 2675 1066 2736 mercatura
1090 2667 1274 2735 hominibus

107 2774 211 2838 viliori
230 2795 325 2857 posse
349 2774 487 2860 adipisci
510 2795 608 2860 quam
632 2775 692 2841 abs
707 2783 750 2856 te,
773 2782 842 2841 tam
864 2774 984 2840 illustri
1008 2781 1198 2838 mercatore.
1237 2769 1274 2836 ld

107 2883 218 2944 autem
242 2880 269 2944 si
297 2881 423 2945 nescias
452 2881 559 2947 aemuli
588 2881 698 2965 plures
728 2880 807 2947 mihi
833 2877 1061 2964 impingeret
1108 2878 1207 2957 Cura,
1237 2883 1275 2943 ut

108 2983 190 3049 bene
220 2983 346 3064 valeas,
378 3008 397 3051 e
427 2986 613 3071 reipublicae
643 2987 796 3053 literaria
825 2992 921 3070 pater
948 2988 1107 3068 patratus.
1152 2983 1275 3049 Iterum

109 3111 205 3173 quam
235 3091 355 3175 optime
384 3092 493 3159 valeas
521 3094 560 3158 l).
590 3094 625 3159 Ο.
656 3093 698 3158 Μ.
727 3114 793 3159 ere.
839 3092 889 3156 Ex
915 3090 1055 3156 Heremo
1086 3089 1190 3155 sancti
1213 3088 1276 3154 Do-

108 3195 217 3261 miuiei
240 3195 422 3280 Sepulchri,
453 3198 508 3264 ubi
536 3198 624 3264 lateo
652 3220 737 3266 nuuc
765 3197 908 3281 fugitans
936 3195 1133 3281 pestilitatis.
1180 3191 1275 3260 Solus

108 3300 305 3367 anachoreta
332 3309 366 3368 et
393 3303 488 3370 simul
519 3303 655 3370 absente
684 3302 883 3371 bibliotheca
911 3323 998 3382 mea,
1030 3307 1050 3366 4
1073 3299 1116 3366 id.
1139 3299 1276 3373 Novem·

109 3405 191 3487 bris,
219 3428 303 3473 anne
332 3414 425 3474 1502.

754 3498 897 3566 Jeaaues
919 3498 966 3579 R.‚
989 3497 1052 3565 hh.
1077 3443 1191 3567 docter
1207 3495 1230 3564 ⁸.

196 3607 317 3682 Autogr.
334 3610 385 3666 mit
395 3608 553 3669 ausnehme
564 3610 617 3669 der
629 3608 760 3682 adresse;
775 3609 828 3669 uel
841 3608 1005 3669 erhaltenes
1018 3604 1174 3681 felioblatt3
1187 3613 1277 3669 etwas

109 3729 163 3771 ven
178 3712 244 3772 dem
260 3713 416 3787 siegellaek
431 3714 576 3786 erhalteu3
600 3714 669 3775 bibl.
692 3713 883 3789 ambrosiana,
904 3712 968 3774 ced.
985 3713 1010 3772 E
1028 3715 1068 3773 36
1085 3710 1136 3772 ini.
1154 3711 1203 3773 fel.
1222 3716 1273 3773 27.

182 3889 192 3934 1
216 3890 240 3937 S.
260 3902 284 3935 o.
304 3902 360 3937 nro.
379 3885 513 3936 LXXXVI
532 3903 552 3936 s.
572 3888 615 3937 80.
690 3886 786 3938 esdr.
811 3884 977 3953 suigelslebt3
1004 3884 1078 3937 nicht
1103 3900 1155 3935 ven
1174 3884 1274 3936 Reueh-

107 3971 261 4041 liushautl).
317 3973 641 4040 3Dsriibergeschriehen
654 3971 767 4024 eastum
780 3975 828 4025 mit
846 3973 950 4040 eigeuer
963 3971 1039 4023 hand.
1102 3971 1212 4023 &Etrus
1229 3970 1275 4026 doe

108 4059 174 4111 oben
198 4077 217 4110 s.
239 4064 289 4112 353
307 4078 330 4111 a.
351 4066 366 4111 3
386 4060 519 4112 erwlthnte
537 4062 654 4111 Remus?
727 4063 793 4112 olu
811 4061 870 4113 dem
888 4061 959 4114 brief
973 4076 1034 4111 vem
1056 4062 1087 4111 18
1108 4061 1176 4127 Aug.
1195 4061 1229 4127 (a.
1238 4064 1270 4112 77

108 4163 164 4196 ure.
184 4148 339 4217 LXXXlll),
358 4150 407 4199 auf
422 4148 538 4200 walchen
556 4148 602 4199 der
620 4147 727 4214 unsrige
745 4148 787 4201 die
804 4155 919 4201 antwert
936 4148 978 4200 ist.
1047 4151 1061 4200 6
1080 4147 1120 4199 lit.
1140 4163 1213 4215 parv.
1232 4163 1274 4200 am

106 4233 179 4286 rand.
237 4240 250 4286 7
271 4237 375 4286 Daraut
390 4235 510 4287 erwidert
529 4235 611 4287 Aldus
629 4241 710 4287 etwas
728 4234 855 4304 beleidigt
874 4240 907 4286 24
928 4237 988 4287 Dee.
1011 4238 1076 4287 1502
1102 4234 1180 4300 (eben
1199 4251 1219 4288 s.
1241 4238 1274 4288 79

106 4337 163 4372 ure.
182 4321 325 4390 LXXXV).
400 4325 416 4374 8
435 4321 655 4391 Derilbergesehr.
674 4321 790 4389 Ἰωαννῃς
814 4315 1001 4393 Ῥευχλιν,’ᾶιιε
1029 4329 1096 4375 erate
1115 4331 1181 4375 wert
1199 4324 1276 4394 abga-

105 4407 195 4472 terat,
215 4407 261 4460 das
279 4425 362 4476 genae
382 4410 429 4462 ruit
447 4409 506 4463 sehr
523 4409 750 4478 verschlungeueu
769 4410 940 4462 buchstabeu.

1000 4502 1066 4564 23*
