2580 4178
119 102 158 179 in
180 109 342 178 discendis
360 108 578 196 juvandisque
593 109 699 178 literis
714 118 839 193 actam,
860 111 946 181 bene
967 112 1080 181 habet
1117 112 1172 181 llil
1190 114 1277 201 petiit

123 221 201 284 tunc
236 216 317 284 livor
347 216 501 283 inertium
533 222 567 282 et
598 237 657 301 ego
686 224 788 284 testes
815 217 921 285 babeo
951 224 1043 287 recte
1072 220 1206 287 imbute
1224 222 1276 307 ejus

121 323 229 389 atatis
252 323 374 407 passim
389 322 478 406 apud
495 320 675 389 Germanos
698 344 737 389 ac
752 322 863 391 Gallos
885 344 950 391 nen
972 346 1099 412 paucos
1121 327 1276 401 autoritate

122 449 249 495 summa
271 429 376 508 viros,
400 428 454 513 qui
477 434 548 494 tum
561 427 678 494 iisdem
704 449 769 495 una
791 450 919 497 mecum
944 431 1119 517 stipendiis
1142 452 1276 499 memus

121 534 192 602 Iam
215 534 325 601 civiles
347 554 471 601 caussa
495 533 688 614 obruebant,
710 535 744 600 in
767 534 838 603 iero
860 536 1036 618 versabar,
1059 538 1278 623 potentissime

123 662 197 708 rum
221 639 401 707 Germania
424 640 608 726 principum
631 640 774 707 consiliis
795 641 982 709 intereram.
1012 643 1096 711 Post
1118 643 1279 713 deindead

122 766 280 812 summam
297 747 523 812 triumviratus
539 745 661 813 Suesia
684 747 875 832 dignitatem
889 746 1015 817 electus
1030 770 1130 835 quem
1152 750 1279 819 undecim

125 855 246 919 aunes¹
278 852 447 918 continuos
470 852 564 936 gessi,
602 873 688 937 sepe
714 852 917 921 imminentia
942 854 1063 940 patria
1091 855 1182 924 bella
1209 858 1279 944 justa

123 957 279 1024 tribunali
294 958 509 1038 demoveram,
524 978 564 1023 ne
578 964 647 1024 tum
661 958 790 1044 quidem
806 960 987 1045 peregrinis
1004 962 1126 1029 studiis
1137 964 1280 1049 nements

212 1063 282 1128 Hac
315 1062 414 1129 ueluti
443 1064 611 1129 occasione
634 1084 713 1130 usus
743 1065 908 1131 interdum
930 1066 973 1132 ad
996 1065 1135 1135 hebraea
1150 1068 1277 1137 *animun

124 1168 256 1252 contuli,
279 1168 418 1234 deerant
440 1170 525 1235 enim
548 1169 664 1236 adhuc.
710 1170 793 1236 Tum
816 1173 906 1255 gravi
935 1192 1009 1238 meo
1031 1171 1202 1259 impendia
1222 1174 1280 1243 da

119 1276 280 1342 tissimum
302 1295 451 1360 querque
475 1274 702 1342 hebraicorum
725 1283 898 1343 auctorare
921 1284 1165 1363 preceptorem
1180 1281 1277 1349 solitus

119 1402 193 1448 aum
220 1382 299 1466 ipsis
331 1400 460 1466 queque
486 1381 608 1466 Apellis
632 1403 842 1466 congressus,
872 1388 1034 1468 quatenus
1058 1370 1186 1453 bomini
1207 1386 1279 1455 (llui

120 1488 227 1554 stianc
248 1487 331 1572 phas
347 1492 443 1566 esset,
466 1487 515 1553 ita
530 1487 609 1553 nihil
625 1509 645 1553 a
660 1510 710 1554 me
733 1508 798 1553 non
820 1486 935 1554 datum
950 1494 1003 1556 est
1016 1489 1149 1574 pietati.
1174 1492 1280 1560 Adrisit

121 1593 231 1659 hercle
262 1594 368 1659 animo
404 1591 558 1661 hebraica
591 1594 725 1678 peritia,
758 1594 862 1678 primo
898 1595 977 1679 quia
1010 1601 1134 1681 suopte
1168 1598 1278 1683 ingenie

115 1699 269 1785 jucunda,
299 1696 415 1763 deinde
452 1699 529 1782 quia
562 1720 677 1782 magno
708 1699 880 1766 videbatur
916 1701 992 1766 usui
1021 1700 1156 1784 futura,
1187 1724 1281 1771 sacres

120 1805 198 1870 olim
220 1809 389 1869 versatum
412 1803 534 1870 literas.
580 1805 627 1870 Ec
646 1807 715 1888 jam
738 1812 808 1872 tum
840 1810 875 1871 et
904 1805 1007 1871 omnis
1031 1813 1198 1876 anteacta
1219 1810 1278 1877 vite

118 1909 230 1976 studia
257 1914 291 1974 et
321 1909 424 1974 omnis
448 1908 545 1974 enimi
568 1916 722 1991 cenatus,
754 1911 781 1976 si
812 1910 869 1994 qni
891 1931 955 1976 non
985 1910 1151 1981 infoeliees
1178 1916 1278 1996 terent,

119 2013 311 2081 referebam.
367 2013 497 2081 Christo
533 2015 683 2082 addictus
715 2016 823 2082 omnia
857 2014 1069 2083 devolvebam
1110 2018 1279 2089 christiana

120 2121 265 2188 ecelesiae
287 2119 338 2186 vel
360 2120 516 2204 augendis
540 2120 590 2186 vel
612 2121 822 2187 honestandis
846 2121 951 2187 rebus.
993 2121 1095 2188 Nulla
1119 2146 1174 2192 me
1196 2126 1281 2193 fama

121 2227 194 2294 auri
206 2226 253 2309 (id
268 2227 373 2310 ipsum
390 2227 474 2291 enirn
497 2225 678 2292 liberaliter
694 2226 905 2311 prodigebam
921 2226 954 2291 in
970 2226 1090 2294 horum
1115 2232 1281 2298 studiorum

118 2331 282 2418 sumptus)
305 2333 414 2415 adegit
437 2332 480 2397 ad
504 2332 658 2398 hebraica
679 2332 835 2417 mysteria
858 2332 1022 2399 discenda.
1070 2335 1176 2403 Nulla
1197 2337 1284 2404 inanis

118 2441 228 2525 gloriae
252 2439 331 2518 sitis,
356 2460 395 2503 ea
418 2439 503 2503 enim
527 2438 635 2503 studia
666 2445 735 2504 tum
758 2438 896 2504 celanda
918 2438 1011 2522 vulgo
1037 2448 1146 2523 erant,
1164 2450 1201 2510 ut
1221 2464 1281 2530 qua

120 2548 153 2612 in
177 2551 270 2612 tanta
295 2545 451 2629 dignitate
476 2545 653 2609 constituto
677 2544 866 2609 viderentur
888 2544 1084 2612 indecentia

207 2651 279 2716 Non
304 2673 354 2716 me
379 2657 477 2728 tenet,
495 2649 645 2728 Adriane,
670 2671 734 2714 non
757 2657 847 2716 tenet
869 2650 902 2714 in
925 2650 975 2714 his
1010 2652 1204 2721 excolendis
1224 2653 1282 2720 auri

119 2758 279 2824 scelerata
303 2756 431 2839 cupido.
462 2757 592 2838 Ingenio
616 2755 730 2820 trahor
754 2761 787 2821 et
809 2776 919 2821 amore
936 2755 1080 2838 pietatis.
1107 2759 1284 2845 Sanguinem

118 2865 198 2930 {lesu
223 2863 360 2940 Christi,
390 2863 444 2946 qui
476 2862 687 2926 medullatum
716 2883 787 2926 sese
819 2882 877 2944 pro
907 2861 1000 2927 nobis
1035 2863 1185 2932 hostiam
1211 2865 1281 2951 petri

121 2969 249 3049 obtulit,
265 2975 370 3034 testor
386 2989 436 3032 me
452 2989 628 3052 numquam
652 2989 671 3032 a
695 2967 817 3033 Judaeis
832 2966 900 3032 ulla
915 2967 966 3032 vel
989 2969 1063 3033 auri
1088 2970 1143 3036 vel
1171 2970 1281 3058 argenti

120 3075 215 3155 dona,
238 3075 379 3158 praemia,
402 3095 536 3138 munera
559 3076 731 3156 recepisse,
758 3072 857 3137 nullis
880 3094 930 3137 me
955 3073 1074 3157 opibus
1099 3097 1282 3162 unquamre

116 3181 151 3246 in
173 3181 234 3247 hec
258 3181 356 3245 etiam
386 3186 454 3244 tam
485 3180 639 3244 diuturne
670 3179 755 3244 bello
785 3177 871 3262 quod
899 3177 1074 3244 aduersum
1106 3203 1159 3247 me
1190 3187 1283 3249 tutet

118 3293 187 3352 tam
210 3286 326 3351 divites
349 3286 579 3366 mendicantes,
604 3293 672 3351 tam
695 3284 843 3351 crudeles
866 3284 977 3350 hostes
993 3293 1116 3368 gerunt
1140 3289 1281 3374 adjutum

117 3393 195 3472 Nec,
218 3399 256 3457 ut
279 3391 400 3475 opinor,
425 3392 576 3457 dubitant
600 3392 628 3456 si
644 3392 699 3475 qui
722 3412 785 3455 ncn
800 3390 948 3472 improbo
969 3391 1098 3474 judicio
1118 3395 1194 3459 vitae
1216 3416 1278 3461 mea

117 3499 259 3565 rationes
284 3504 469 3581 cognorunt.
517 3499 557 3562 Et
581 3504 656 3562 sunt
683 3504 808 3575 tamen,
833 3502 869 3559 ut
892 3496 948 3559 ille
974 3518 1121 3581 graecus
1144 3503 1195 3567 ait
1217 3494 1283 3566 itta

117 3631 185 3669 τινα
209 3604 414 3692 βουλευτήρια,
432 3594 548 3689 ψευδῶν
581 3603 709 3689 durare?
742 3602 966 3692 μηχανόρρἀφοι
988 3616 1096 3669 κακῶν
1122 3611 1229 3673 ἐλικτα
1247 3607 1283 3671 rai

118 3702 203 3774 cibis
241 3709 350 3799 ὑγιὲς2
375 3709 431 3792 qui
463 3715 576 3774 eontra
591 3708 673 3792 phas
705 3709 870 3773 hominum
902 3707 1064 3792 deumque
1104 3714 1282 3798 nequissime

193 3947 203 3990 1
226 3941 353 3992 Undecim
373 3943 463 4008 annos]
483 3943 547 3994 iiber
566 3945 615 3994 den
636 3946 716 3995 werth
738 3945 824 3995 dieser
843 3943 919 3993 stelle
939 3943 992 4010 vgl.
1015 3947 1105 3997 meina
1127 3949 1280 4013 abhandlung

117 4029 183 4084 iiber
204 4031 409 4087 Melaucbtbous
429 4034 510 4083 oratic
530 4050 551 4083 s.
572 4037 603 4085 29
625 4035 652 4084 ff.
727 4039 740 4083 2
760 4034 852 4109 Eurip.
878 4031 957 4083 Andr.
977 4050 1003 4084 v.
1025 4038 1078 4089 447
1101 4038 1127 4095 ti.
