2580 4178
68 179 217 276 supreme
240 191 395 275 ingratos,
419 191 536 276 quibus
560 191 655 258 deum
677 191 819 277 judicem
844 212 997 276 propono,
1023 196 1057 256 et
1080 191 1143 257 nisi
1159 192 1237 258 resi-

65 297 195 381 pueriut
222 295 382 363 vindicem
414 302 501 381 opto.
549 299 616 364 Das
644 299 690 364 sei
724 298 804 363 aber
832 296 891 362 das
915 297 1130 380 gemeinsame
1165 298 1235 363 loos

65 401 148 468 aller
161 402 281 469 lehrer.
328 404 438 488 thue
456 403 603 469 omnibus
620 408 805 486 promptum
823 407 910 468 esset
933 402 1073 466 omnium
1090 425 1235 468 meorum

63 507 233 575 abundare
257 509 352 593 copia
376 515 409 574 et
432 508 606 589 facilitate,
629 510 692 575 feci
714 508 897 574 rudimenta
921 508 1081 573 hebraicae
1105 509 1231 592 linguae,

63 635 136 699 quae
158 614 262 680 multo
285 614 403 681 sudore
427 620 461 680 et
483 615 568 698 algu,
593 636 699 700 prece,
723 615 846 698 premio
871 620 905 679 et
927 613 1037 697 precio
1062 636 1120 699 per
1136 616 1232 698 longa

63 725 215 804 tempora
242 741 461 800 corraseram,
490 720 579 785 haud
611 721 680 786 sine
704 719 885 784 incredibili
910 719 1077 804 diligentia
1106 727 1139 786 et
1169 742 1232 787 aere

62 846 127 890 non
151 846 252 909 parvo
275 825 450 910 publicitus
473 826 621 909 imprimi.
668 826 729 904 Qui
760 824 842 890 liber
865 824 1121 891 rudimentorum
1144 849 1233 891 meo-

63 951 152 1011 rum,
176 952 248 998 cum
272 930 340 996 fere
364 931 524 1014 integrum
555 931 715 996 hebraicae
738 931 939 1014 intelligendi
961 930 1133 996 artificium
1158 955 1231 997 con-

61 1035 184 1116 tineat,
214 1057 279 1101 non
308 1041 419 1120 potest
443 1037 637 1120 decerpente
661 1042 753 1101 tanto
777 1036 849 1101 usui
873 1058 959 1116 esse,
988 1037 1049 1102 nisi
1081 1044 1114 1102 et
1137 1036 1228 1102 adhi-

60 1140 203 1208 beantur
225 1142 335 1227 aliqua
357 1142 520 1207 volumina
542 1141 659 1222 bibliae,
685 1162 749 1226 qua
773 1141 903 1226 quidem
925 1143 997 1226 ipsa
1021 1149 1092 1207 tota
1116 1143 1224 1227 lingua

61 1251 200 1313 constat.
246 1245 463 1332 sperabamus
491 1254 601 1313 autem
628 1247 814 1313 indubitata
844 1245 907 1312 fide
938 1247 1058 1314 multas
1092 1248 1135 1313 ad
1169 1271 1227 1315 nos

61 1373 102 1419 ex
124 1350 223 1419 Italia
245 1352 363 1420 bibliae
386 1353 556 1420 hebraicas
579 1353 708 1419 Soncini
724 1353 890 1418 Pisaurive
915 1359 971 1417 aut
996 1353 1067 1418 aliis
1091 1354 1123 1416 in
1148 1354 1227 1419 locis

61 1458 241 1544 impressas
271 1481 344 1525 cum
376 1460 502 1525 caeteris
530 1459 718 1525 Judaeorum
754 1458 845 1524 libris
887 1458 1030 1542 quotidie
1067 1465 1230 1540 venturas,

62 1585 136 1650 quae
166 1586 239 1631 cum
272 1557 449 1631 obsistente
484 1564 597 1649 grandi
629 1564 716 1630 bello
740 1565 827 1649 quod
852 1564 1014 1649 Augustus
1043 1566 1228 1649 Imperator

61 1669 321 1737 Maxaemilianus
341 1671 409 1755 jam
434 1670 488 1736 diu
510 1672 543 1734 iu
565 1670 661 1735 Italia
678 1670 829 1736 foeliciter
845 1671 937 1753 gerit,
961 1672 1104 1755 emporio
1120 1677 1231 1736 nostro

62 1796 128 1841 non
163 1773 361 1856 afferuntur3
395 1775 555 1842 tentanda
587 1776 793 1842 nihilominus
828 1777 881 1841 via
916 1782 980 1856 est,
1014 1798 1054 1841 ne
1088 1776 1230 1860 nosipsi

61 1879 177 1946 deesse
209 1881 302 1947 nobis
325 1880 505 1962 videamur,
534 1883 567 1946 in
601 1903 664 1965 quo
692 1882 798 1947 fateor
822 1882 1011 1947 tarditatem
1035 1904 1139 1947 meam
1164 1883 1227 1948 dis-

60 1985 156 2051 cendi
185 1987 309 2071 cupidis
333 2009 512 2053 onerosam.
558 1987 688 2052 Dudum
718 1989 802 2052 enim
830 1988 954 2072 aliquid
982 1995 1141 2072 praterea
1171 1990 1225 2053 he-

59 2090 181 2158 braicae
205 2092 360 2158 doetrinae
384 2093 539 2158 studiosis
563 2114 626 2176 quo
651 2115 685 2158 se
705 2094 858 2174 ‚iuvarent
882 2093 1054 2159 edidissem
1079 2101 1177 2173 certe,
1201 2094 1228 2158 si

60 2218 126 2264 non
148 2197 182 2263 in
205 2198 275 2264 dies
298 2197 492 2264 audivissem
516 2199 605 2263 brevi
629 2198 774 2263 futurum
799 2220 869 2264 esse
894 2199 1059 2284 quippiam
1078 2202 1086 2238 ¹
1128 2199 1233 2264 admi·

59 2303 189 2369 ratione
213 2309 246 2369 et
269 2305 410 2370 omnium
441 2303 580 2369 lectione
604 2303 749 2387 dignum,
781 2305 868 2388 quod
898 2306 1005 2370 nescio
1031 2306 1085 2389 qui
1110 2307 1227 2388 Peper-

58 2409 202 2492 phrones
218 2431 290 2475 cum
306 2431 363 2475 suo
374 2410 589 2494 Peperieorno
605 2411 625 2474 J
627 2410 718 2474 udaeo
733 2409 789 2473 illo
807 2408 972 2492 baptizato
989 2410 1223 2475 calumniatore

59 2536 144 2595 meo,
170 2535 209 2579 ex
231 2515 493 2598 profundissimis
518 2515 726 2580 scientiarum
743 2535 873 2578 suarum
891 2515 1053 2580 thesauris
1069 2516 1231 2599 proferre,

58 2624 193 2686 tornare
218 2627 251 2685 et
272 2621 314 2685 ad
330 2621 477 2685 incudem
495 2621 631 2685 reddere
647 2620 887 2703 pollicerentur,
913 2643 975 2704 quo
993 2621 1084 2686 nobis
1101 2628 1226 2687 mentes

59 2725 229 2811 parturire
245 2727 472 2809 suspicandum
484 2726 555 2790 fuit.
595 2728 662 2808 Ego
673 2747 748 2790 vero
757 2727 824 2810 jam
837 2727 985 2810 quintum
998 2748 1115 2791 annum
1133 2749 1232 2810 supra

59 2852 134 2897 cum
151 2831 261 2896 Isaia²
278 2833 452 2915 expectavi,
473 2838 511 2896 ut
528 2833 673 2897 lacerent
689 2853 776 2911 uvas,
794 2838 827 2896 et
842 2832 989 2897 lecerunt
1006 2832 1181 2911 labruscas,
1198 2838 1232 2898 et

58 2936 220 3003 labruscis
235 2938 428 3017 acerbiores,
443 2938 566 3002 scilicet
579 2937 678 3002 libros
694 2936 928 3002 diffamatorios
943 2943 1041 3022 atque
1053 2938 1141 3003 aliud
1152 2938 1231 3003 nihil

57 3042 146 3128 quod
169 3043 218 3107 vir
240 3042 342 3108 bonus
358 3043 493 3108 laudare
511 3043 639 3127 quidem
655 3049 774 3125 posset,
799 3044 826 3107 si
850 3064 947 3127 quam
963 3043 1103 3109 maxime
1120 3042 1227 3109 vellet.

58 3148 170 3213 Daher
192 3148 276 3213 habe
301 3171 336 3213 er
353 3148 422 3213 sich
445 3171 509 3212 nun
527 3147 756 3227 entschlossen,
782 3149 852 3212 eine
877 3150 1018 3232 ausgabe
1036 3149 1094 3213 der
1118 3149 1229 3214 sieben

56 3253 284 3338 busspsalmen
308 3255 367 3318 mit
390 3275 535 3337 genauen
559 3258 652 3317 uort-
682 3253 748 3316 und
772 3254 1066 3338 sacherlrl'arungen
1099 3278 1137 3318 zu
1160 3276 1230 3319 ver-

58 3358 275 3423 iiffentlichen.
341 3359 554 3442 Stutgardiae,
586 3358 649 3421 kal.
687 3358 860 3423 Sextilibus
885 3381 968 3423 anno
996 3365 1088 3422 1512.

150 3468 310 3527 Gedruckt:
344 3469 459 3542 Septem
491 3470 591 3542 psalmi
622 3469 835 3540 poenitentiales
869 3470 952 3526 1512
987 3466 1055 3542 [vgl.
1087 3467 1229 3525 Reuchlin

59 3592 82 3634 s.
104 3576 178 3649 133,
195 3589 221 3632 a.
241 3570 331 3653 41].

636 3672 653 3711 s:

130 3769 140 3813 1
164 3762 313 3830 Quippiam]
333 3765 379 3814 lch
404 3763 552 3827 vermuthe,
579 3763 639 3812 dass
665 3765 785 3812 daruuter
814 3760 859 3810 der
884 3759 945 3825 plan
972 3757 1148 3809 Pfefferkorns
1173 3774 1230 3807 vcr-

54 3850 166 3902 standeu
186 3853 235 3915 ist,
255 3853 297 3901 dic
317 3854 473 3917 evangelieo
493 3853 534 3901 ins
555 3851 718 3901 Hebraische
738 3866 769 3899 zu
789 3850 950 3908 iibersetzen,
970 3847 1019 3896 den
1040 3846 1125 3896 dieser
1144 3846 1228 3896 sehon

53 3939 79 3988 in
99 3941 192 3990 seinen
210 3949 296 3990 ersten
315 3940 441 3990 schriften
464 3944 542 4002 1507,
573 3942 638 3991 1508
664 3937 874 4004 ausgesprochen
896 3937 980 3997 hatte,
1001 3935 1067 3984 ohne
1086 3935 1131 3984 ihu
1152 3936 1229 3998 doch,

52 4030 101 4077 wie
121 4044 150 4077 es
171 4028 274 4078 scheint
287 4028 376 4077 erfullt
395 4044 427 4077 zu
441 4029 525 4078 haben
545 4028 599 4093 vgl.
614 4029 699 4076 moine
715 4025 877 4089 bemerkung
891 4024 926 4071 inr
940 4025 1088 4088 Serapeum,
1104 4024 1227 4088 herausg.

50 4132 102 4169 son
124 4115 308 4166 R.Naumann
336 4116 440 4175 Leizi
469 4119 534 4166 1868
563 4132 584 4166 s.
608 4120 654 4166 193
674 4115 714 4165 bis
737 4118 794 4165 197.
870 4110 958 4162 aJes.
980 4113 1004 4175 5,
1025 4115 1050 4163 2.
