2798 4980
672 331 736 399 105

114 519 173 588 boc
203 520 297 587 laudi
326 521 384 588 dat
409 521 442 586 in
467 519 569 587 Paula
599 519 656 587 illa
679 520 801 589 Urbica
825 524 834 561 ¹
860 523 947 607 quod
975 543 1010 589 sa
1038 522 1171 590 doctore
1193 521 1284 590 Psal-

115 627 233 694 terium
250 628 412 694 Hebraico
435 627 543 712 legere
560 627 720 694 didicerit.
757 627 842 694 Huic
864 629 973 712 itaque
995 635 1065 694 tam
1086 629 1149 713 piae
1172 651 1283 695 eorum

115 734 266 818 petitioni
281 733 498 818 acquiescens,
521 731 565 797 ad
583 738 631 812 te,
654 734 704 797 sir
718 732 957 813 humanissime,
979 734 1013 799 in
1037 734 1284 817 praesentiarum

117 839 247 922 scripsi,
280 859 413 923 rogans,
441 842 479 903 ut
497 834 561 921 ¹'pro
584 844 642 903 tua
665 837 812 904 bonitate
835 838 897 904 hac
919 840 953 903 in
976 845 1070 923 parte
1094 859 1150 904 eos
1168 840 1283 925 juvare

116 943 211 1024 velis,
236 950 333 1028 teque
356 944 552 1027 morigerum
573 948 726 1026 prestes,
749 948 787 1009 ut
809 944 838 1008 si
861 964 1045 1029 quenquam
1069 946 1196 1010 noveris
1219 945 1284 1011 He·

117 1049 305 1128 braeorum,
336 1049 425 1114 fonte
456 1047 663 1131 baptismatis
691 1054 854 1129 renatum,
889 1050 944 1134 qui
973 1048 1056 1115 hanc
1085 1049 1284 1135 provinciam

116 1154 258 1232 subiret,
294 1174 346 1219 me
378 1175 438 1238 per
459 1153 588 1219 litteras
611 1153 781 1219 certiorem
805 1155 940 1236 reddas3
969 1155 1048 1240 quid
1069 1156 1202 1240 insuper
1223 1176 1284 1240 pro

116 1261 230 1328 labore
261 1281 369 1327 annuo
400 1260 430 1325 ei
458 1259 642 1325 faciendum
665 1260 762 1339 foret,
790 1259 909 1324 litteris
938 1259 1126 1344 significato.
1164 1262 1234 1327 Hoc
1257 1260 1285 1326 si

116 1366 234 1433 feceris
257 1365 332 1450 (sed
352 1365 453 1432 facies
476 1364 576 1431 dubio
598 1362 726 1450 procul)
750 1372 926 1448 perpetuos
950 1364 1009 1431 tibi
1033 1372 1067 1431 et
1089 1386 1140 1432 me
1165 1372 1199 1432 et
1220 1366 1286 1432 fra-

116 1477 184 1537 tres
217 1491 307 1536 meos
340 1470 507 1536 debitores
536 1471 722 1536 constitues.
771 1470 848 1536 Vale
878 1470 966 1536 felix.
1010 1473 1060 1536 Ex
1083 1472 1284 1556 Ottinpurra.

117 1575 208 1642 ald.
240 1577 310 1642 Oct.
337 1581 431 1641 1508.

205 1686 280 1744 Ans:
313 1685 369 1745 JO.
401 1684 562 1745 GEORGII
590 1684 857 1745 SOHELHORNII
877 1679 882 1767 Ι
905 1730 931 1744 ..
954 1686 959 1762 Ι
979 1681 1282 1770 ΑΜΟΕΝΙΤΑΤΕΒΙ

116 1791 315 1852 HISTORIAE
340 1790 345 1869 Ι
372 1789 689 1851 ECOLESIASTICAE
715 1795 720 1867 Ι
748 1790 799 1848 ΕΤ
826 1785 831 1864 l
855 1790 1082 1850 LITERARIAE
1107 1783 1111 1872 Ι
1133 1834 1248 1851 ......
1278 1785 1282 1873 l

117 1897 249 1958 TOMVS
274 1895 485 1956 SECVNDVS.
515 1893 520 1970 1
546 1890 601 1976 ..Ι
629 1894 906 1955 FRANOOFURTI
931 1895 956 1956 tc
982 1891 1254 1978 L1P81AE11738
1279 1889 1282 1978 l

116 2019 139 2062 s.
157 2004 222 2062 593
240 2018 283 2076 sq.

667 2160 733 2226 011.
1363 2237 1366 2240 ‚

189 2263 250 2314 urm
924 2318 928 2324 ,
1039 2267 1251 2317 moltibus.

158 2368 356 2444 Leonardo
375 2367 516 2445 Abbati
535 2368 745 2444 Ottenburr.
767 2370 827 2444 J0.
848 2369 1029 2446 Reuohlin
1047 2371 1180 2447 Phora.
1202 2369 1238 2447 S.

206 2536 257 2600 Ita
280 2555 331 2598 mc
355 2534 443 2599 Deus
465 2539 568 2612 amet,
592 2538 630 2598 ut
659 2538 749 2598 tuam
773 2533 875 2599 vicem
898 2534 1041 2618 gaudeo,
1073 2535 1168 2601 Abba
1190 2541 1286 2620 pater

116 2642 254 2710 audiens
285 2639 405 2723 duplici
427 2645 460 2703 te
481 2637 603 2704 honore
627 2639 775 2722 dignum,
805 2639 892 2723 quod
920 2645 954 2704 et
983 2639 1093 2717 domui
1116 2647 1181 2706 tnae
1203 2641 1285 2706 bene

115 2768 235 2833 praees
265 2746 351 2811 fama
381 2750 464 2809 teste
498 2750 531 2808 et
558 2743 655 2809 simul
684 2765 793 2809 amore
827 2744 967 2829 quodam
998 2746 1117 2810 illustri
1148 2745 1285 2809 afficeris

116 2875 195 2936 erga
224 2852 351 2917 litteras
381 2849 565 2934 politiores,
600 2851 685 2935 quod
716 2871 814 2914 uuum
846 2871 923 2914 rara
946 2855 996 2915 est
1023 2851 1091 2915 avis
1121 2850 1284 2914 interris.

116 2958 183 3025 Sed
207 2963 241 3024 et
256 2957 371 3021 miram
394 2960 508 3021 nactus
532 2976 566 3020 es
582 2956 655 3020 vitae
672 2962 807 3035 sortem,
831 2961 868 3020 ut
890 2975 963 3020 cnm
986 2954 1089 3020 multa
1104 2961 1189 3033 sunt,
1212 2974 1284 3038 qum

115 3069 238 3149 praeter
260 3068 394 3145 propter
415 3060 617 3145 disciplinam
633 3060 796 3139 discimus,
819 3060 866 3125 nil
889 3059 1030 3126 omnium
1052 3059 1185 3144 majoris
1208 3080 1285 3143 pen·

117 3169 178 3234 das
201 3189 298 3253 quam
328 3166 417 3231 illam
442 3167 609 3250 antiquam
640 3187 755 3251 puram
785 3174 820 3232 et
849 3166 1055 3250 originariam
1079 3165 1285 3250 Theologiam

116 3295 191 3360 quae
214 3274 276 3339 fuit
298 3272 534 3356 Prophetarum
558 3279 657 3357 atque
682 3272 877 3338 Videntium.
923 3271 1016 3338 Unde
1039 3271 1118 3337 mihi
1140 3277 1196 3337 tuo
1220 3292 1285 3336 mo·

115 3380 182 3446 rito
205 3377 380 3462 perbeatus
412 3377 531 3442 videris
555 3377 624 3449 sola
648 3384 705 3443 tna
735 3377 915 3462 cupiditate
939 3399 1036 3463 quam
1058 3377 1092 3443 in
1115 3376 1284 3443 Hebraicis

116 3483 296 3568 concepisti
323 3503 433 3548 amore
464 3482 518 3548 SS.
549 3483 800 3567 Scripturarum.
853 3483 936 3549 Nam
967 3483 1028 3550 hoc
1058 3483 1119 3549 tibi
1151 3482 1284 3562 affirmo,

115 3590 277 3655 neminem
301 3589 491 3654 Latinorum
516 3589 615 3655 Vetus
638 3589 882 3655 Testamentum
913 3590 1058 3674 potuisse
1081 3587 1125 3654 ad
1147 3610 1285 3673 anguem

117 3695 309 3779 exprimere,
332 3693 394 3759 nisi
419 3695 488 3780 ejus
504 3695 619 3779 linguae
642 3695 757 3779 inqua
780 3696 936 3780 scriptum
952 3695 1050 3760 fuerit
1073 3694 1177 3777 primo
1201 3694 1285 3777 peri·

116 3806 172 3865 tus
196 3800 246 3864 sit.
284 3799 356 3866 Vox
375 3801 459 3865 euim
481 3800 543 3866 fnit
565 3801 740 3866 mediatrix
754 3802 815 3867 Dei
838 3807 871 3865 et
893 3800 1066 3878 hominum,
1089 3805 1127 3863 ut
1148 3799 1182 3862 in
1205 3799 1285 3862 Pen-

116 3903 272 3971 tateucho
295 3904 440 3988 legimns,
471 3911 506 3971 at
528 3926 592 3971 non
616 3906 771 3990 quaelibet
793 3928 863 3984 vox,
887 3905 945 3971 sed
967 3910 1095 3971 tantum
1111 3902 1283 3982 Hebraica,

113 4030 177 4096 per
200 4030 298 4095 quam
314 4012 401 4077 Deus
425 4010 527 4077 voluit
542 4032 663 4078 arcana
686 4034 745 4078 sua
768 4011 962 4077 mortalibus
984 4011 1196 4075 innotescere.
1235 4010 1284 4074 Ea

114 4115 221 4197 enim,
244 4138 317 4200 quae
338 4116 474 4183 rudibus
497 4117 598 4184 oculis
628 4118 819 4203 aspicimus,
841 4115 936 4199 vulgo
969 4115 1083 4198 digna,
1104 4135 1177 4201 quae
1207 4136 1283 4182 vero

686 4260 705 4296 ll·

190 4350 201 4396 1
224 4342 320 4394 Findet
337 4344 395 4394 sich
415 4344 488 4395 nicht
506 4347 533 4395 in
553 4345 612 4397 dem
630 4345 701 4398 brici
715 4346 746 4398 ad
767 4343 876 4396 Paulam
896 4341 1035 4396 Urbicamt
1061 4341 1134 4392 Hier.
1154 4339 1221 4413 opp.
1241 4340 1283 4397 cd.

110 4433 241 4487 tiramus
259 4432 306 4495 IV,
325 4432 371 4483 fol.
386 4436 429 4486 90.
