2798 4980
669 332 713 407 62

114 526 254 612 differre,
279 550 465 617 quanquam
481 528 577 615 plura
600 551 728 615 semper
750 532 794 598 ad
809 537 842 597 te
858 530 995 598 fuissent
1009 531 1194 599 scribenda.
1216 524 1281 598 Sed

113 638 253 706 nondum
270 658 448 722 compares.
481 635 623 721 Ideoque
638 654 766 721 possem
792 657 849 720 ego
872 656 1000 702 omnem
1022 637 1153 721 eulpam
1177 658 1281 704 meam

114 743 147 808 in
183 749 215 808 ta
249 741 440 809 transferre.
485 741 588 808 Velim
620 763 695 826 ergo
725 743 787 809 tibi
813 742 1022 827 persuadeas,
1052 762 1161 809 meam
1184 742 1227 809 ad
1248 748 1281 809 te

115 847 278 915 scribendi
306 847 533 932 negligentiam
557 854 591 914 et
613 852 702 913 tuam
724 848 805 913 item
827 847 871 913 ad
900 869 959 914 nos
990 846 1152 914 redeundi
1182 847 1282 914 tardi-

114 959 226 1034 tatem,
249 959 404 1038 tauquam
427 954 521 1038 paria
544 952 665 1019 delicta
695 959 811 1019 mutua
833 953 903 1020 fore
935 953 1200 1037 compensatione
1222 953 1282 1020 tol·

114 1056 221 1139 lenda,
244 1080 430 1144 quanquam
446 1079 504 1143 ego
520 1059 650 1159 minime
667 1057 892 1139 dubitaverim,
915 1063 949 1125 te
972 1078 1036 1124 non
1059 1059 1129 1124 sine
1153 1059 1281 1143 urgenti

114 1165 242 1230 ratione
266 1164 352 1230 dorni
376 1164 540 1230 continere
563 1165 673 1248 potius
696 1185 794 1247 qnam
816 1164 891 1230 hinc
913 1163 988 1229 inde
1012 1163 1134 1247 vagari.
1182 1163 1280 1248 Spero

115 1274 225 1335 amen
253 1275 449 1354 sperantque
482 1270 559 1354 quin
591 1269 688 1334 immo
717 1275 750 1334 et
773 1273 889 1353 optant
912 1274 945 1335 et
968 1267 1168 1353 desyderant
1190 1267 1280 1334 multi

116 1373 172 1438 alii
194 1380 228 1440 te
251 1373 425 1457 aliquando
448 1373 541 1439 nobis
564 1380 757 1457 praesentem
780 1374 939 1453 futurum,
963 1380 1000 1440 ut
1023 1395 1080 1440 ore
1104 1374 1149 1441 ad
1172 1395 1209 1440 os
1231 1394 1281 1439 ne-

115 1479 205 1563 gotia
241 1485 354 1546 mutuo
390 1479 475 1545 inter
510 1501 569 1544 nos
601 1479 729 1562 agenda
760 1500 819 1564 pro
851 1485 926 1545 voto
957 1486 1092 1564 possent
1125 1478 1277 1563 expediri.

117 1583 237 1668 Sperat
259 1590 293 1650 et
314 1583 348 1649 id
370 1583 516 1649 Andreas
532 1583 701 1666 theologus
725 1591 836 1650 noster
860 1585 916 1668 qui
939 1585 1059 1650 totiens
1074 1589 1169 1651 tuam
1191 1588 1279 1669 optat

117 1689 337 1774 persentiam,
367 1690 515 1773 quotiens
548 1710 583 1754 se
616 1689 763 1755 meminit
793 1711 865 1756 esse
897 1687 1058 1755 infirmum
1089 1710 1129 1755 ac
1160 1689 1276 1755 nullum

116 1795 203 1879 apud
226 1816 262 1861 se
284 1794 405 1859 habere
428 1793 587 1859 medicum
611 1815 631 1858 a
655 1816 718 1880 quo
742 1795 880 1879 recipiat
902 1794 1114 1875 medicinam,
1139 1794 1202 1861 hoc
1224 1797 1274 1872 est,

116 1902 172 1986 qui
194 1902 227 1965 in
242 1899 446 1985 philosophia
462 1920 571 1965 secum
587 1921 689 1984 usque
705 1901 739 1965 in
759 1901 934 1967 secundam
949 1906 1007 1966 aut
1030 1900 1165 1966 tertiam
1180 1899 1272 1967 nochs

117 2005 258 2090 vigiliam
280 2011 439 2090 perpetuo
468 2025 578 2070 seeum
608 2004 859 2089 disputationem
890 2006 1080 2086 continuet,
1104 2007 1201 2090 eique
1225 2002 1272 2070 sd·

118 2116 274 2175 versetur.
319 2109 412 2175 Nunc
435 2110 519 2175 enim
543 2110 636 2176 dicit:
660 2111 717 2177 ubi
732 2118 783 2178 est
799 2110 953 2176 Renchlin
977 2131 1050 2176 cum
1066 2132 1125 2177 suo
1142 2111 1268 2176 instans:

116 2215 241 2279 utinam
264 2212 404 2280 adesset.
449 2215 521 2280 lam
548 2237 623 2281 vero
647 2217 696 2281 tui
724 2216 860 2300 cupidus
891 2222 942 2282 est
970 2221 1105 2281 etcum
1138 2237 1178 2282 eo
1199 2234 1267 2280 con-

118 2318 376 2385 misserationem
404 2318 526 2386 habeas
553 2320 640 2386 illius
663 2321 765 2386 totius
796 2322 899 2386 nostri
932 2319 1032 2387 seculi
1056 2321 1191 2407 ejusque
1211 2325 1263 2384 tan

118 2423 311 2490 miserabilis
335 2429 456 2505 status,
490 2446 627 2510 eumque
651 2427 799 2506 audires,
823 2447 894 2492 sese
916 2424 1004 2491 ultra
1031 2425 1065 2490 in
1088 2426 1151 2492 hoc
1173 2421 1260 2492 seonlo

118 2530 247 2595 minime
269 2549 465 2595 mansurum.
504 2530 586 2608 Quin
609 2533 707 2596 immo
732 2553 808 2597 mox
832 2531 895 2597 sibi
917 2531 959 2597 ad
976 2530 1127 2597 Schonau
1146 2533 1157 2570 ¹
1179 2547 1261 2596 snam·

120 2657 183 2720 qne
215 2635 280 2700 illic
312 2635 547 2701 habitationem
579 2659 649 2703 esse
681 2636 919 2717 divertendum,
953 2642 1010 2700 aut
1035 2635 1153 2702 saltem
1184 2627 1259 2701 senei

118 2742 255 2808 eandem
271 2758 342 2808 esse
357 2741 400 2806 ab
417 2762 454 2806 eo
471 2740 672 2807 visitandam.
696 2743 812 2807 Pastor
828 2746 968 2825 praetera
984 2740 1018 2804 in
1035 2740 1187 2807 Steinach
1201 2731 1258 2823 quil

116 2845 167 2912 tui
189 2850 283 2930 egeat
304 2846 423 2912 neseio.
448 2846 571 2930 Saepius
587 2853 696 2912 tamen
721 2852 811 2913 tuam
827 2846 1015 2912 diuturnam
1030 2844 1207 2913 absentiam
1219 2839 1258 2905 do·

117 2950 186 3018 lens
209 2952 355 3018 miratur.
401 2952 524 3018 Praesul
546 2953 624 3017 item
649 2958 759 3017 noster
783 2958 815 3018 et
850 2952 1079 3035 vangionum²
1108 2949 1257 3018 nedumte

118 3055 293 3142 desyderat
314 3057 482 3123 nobiscum
506 3078 590 3134 esse,
622 3057 678 3122 sed
701 3058 734 3121 in
758 3057 827 3122 dies
850 3064 987 3122 conatur
1009 3057 1152 3123 invenire
1175 3048 1257 3122 medin

119 3161 237 3246 quibus
258 3166 291 3227 te
315 3162 452 3227 reducat
476 3161 518 3226 ad
542 3183 592 3241 se,
616 3169 652 3227 ut
676 3168 709 3227 et
731 3162 758 3228 si
781 3168 814 3228 te
829 3168 987 3247 perpetuo
1004 3183 1114 3228 secum
1137 3161 1256 3228 detinere

118 3285 182 3332 non
205 3265 317 3350 possit,
341 3267 457 3332 saltem
479 3271 512 3331 te
536 3273 735 3351 praeceptore
758 3290 819 3351 per
847 3267 930 3332 hanc
962 3266 1110 3352 hyemem
1140 3266 1259 3334 futuram

119 3377 240 3438 utatur.
287 3371 525 3456 constituitque
549 3373 641 3437 uxori
664 3378 728 3438 tuae
751 3379 788 3437 ut
811 3392 1002 3437 consensum
1022 3376 1158 3455 praestet
1178 3378 1259 3437 trane

118 3477 247 3543 mittere
270 3478 457 3561 propediem
479 3476 661 3560 plaustrum
690 3477 756 3543 vini
779 3478 863 3544 boni.
909 3477 957 3542 Tu
986 3475 1114 3543 interea
1136 3475 1261 3544 delibera

120 3580 198 3668 quid
220 3580 282 3648 tibi
305 3581 347 3648 sit
369 3581 564 3650 faciundum.

208 3687 272 3756 Sed
294 3694 331 3755 ut
354 3688 393 3755 de
417 3689 550 3774 reliquis
573 3696 711 3771 taceam,
735 3688 813 3775 qnid
836 3689 941 3757 credis
971 3687 1011 3756 de
1034 3710 1086 3756 me
1110 3687 1180 3775 ipso
1201 3705 1265 3754 nnn-
1305 3684 1307 3695 '

119 3795 197 3882 quid
228 3815 269 3861 ne
298 3815 356 3880 ego
387 3794 578 3880 desyderem
611 3802 702 3862 tuum
733 3796 886 3862 festinum
909 3794 1105 3863 adrentum?
1132 3793 1267 3862 Profecto

119 3901 235 3969 merito
258 3899 292 3967 id
315 3899 449 3966 credere
465 3899 574 3981 debes,
599 3922 656 3986 ego
679 3902 763 3968 enim
779 3908 900 3987 praeter
921 3907 955 3968 te
977 3902 1139 3968 neminem
1153 3897 1269 3968 habebo

120 4007 234 4074 saltem
251 4005 441 4088 chariorem,
466 4005 521 4090 qni
544 4012 654 4073 nostro
677 4029 766 4074 more
789 4028 915 4074 mecum
938 4004 972 4072 in
994 4006 1132 4073 multam
1154 4012 1271 4075 noctem

696 4162 714 4206 ll

194 4257 205 4308 l
226 4250 349 4309 hlinaelne
367 4250 490 4324 gedichte
509 4272 555 4307 ans
571 4251 647 4321 jener
667 4254 719 4308 aeit
736 4269 768 4306 an
783 4251 828 4309 abt
844 4251 898 4308 und
916 4250 1027 4308 menete
1046 4251 1073 4306 in
1087 4251 1214 4310 Sehonsn
1230 4265 1276 4308 ror

122 4340 205 4396 Adam
221 4338 346 4396 Wernh'er
364 4347 406 4396 bei
421 4348 507 4408 Mene,
526 4344 782 4411 quellensammlung
801 4361 846 4397 nur
864 4345 924 4399 bad.
943 4343 1128 4410 landesgeseh.
1141 4346 1181 4398 111
1192 4346 1278 4416 (1868)

121 4447 142 4487 a.
166 4437 214 4486 158
233 4433 275 4486 bis
297 4434 354 4484 164.
427 4439 442 4484 2
462 4433 587 4503 Drlbnrg.
