2798 4980
669 314 734 381 325

110 506 238 594 phonte
260 505 461 573 amaenitatis
483 504 657 572 Socraticae
680 505 784 572 altero
808 504 944 587 lumine,
967 527 1027 592 pro
1050 509 1133 578 virili
1155 528 1229 580 m'ea
1252 520 1286 581 et

112 619 274 700 quantum
297 611 391 678 nobis
415 611 467 678 vol
488 633 549 696 per
570 611 684 690 ocium,
709 612 759 678 vel
783 618 880 678 aestus
903 617 1003 696 atque
1023 613 1141 682 caloris
1163 616 1281 685 incom-

112 719 337 797 medelinum,
361 716 507 783 exhibeo.
546 717 642 782 Certe
659 716 746 782 solus
770 738 829 800 ego
846 715 947 796 effeci,
970 717 1030 783 hoc
1046 720 1201 805 quicquid
1224 731 1283 805 est,

113 831 230 915 utpote
253 824 308 909 qui
330 823 363 888 in
378 821 646 907 recognoscendo,
671 824 757 887 omni
781 822 882 889 ferme
899 821 1075 890 destitutus
1099 847 1171 892 suun
1192 831 1282 897 auxi-

110 929 168 1010 lio,
192 951 265 997 cum
289 950 383 994 nemo
400 934 495 1008 esset,
511 929 571 1013 qui
582 928 668 992 iuter
685 926 854 1011 legendum
871 927 1073 995 auscultaret
1088 931 1175 1011 mihi,
1198 932 1281 1001 adeo

111 1035 210 1102 floret
238 1034 344 1100 adhuc
376 1035 461 1099 inter
491 1054 612 1117 paucos
641 1033 783 1100 studium
806 1031 921 1117 linguae
945 1055 1065 1116 graeca.
1092 1035 1199 1115 Quare
1223 1039 1282 1104 sic-

111 1140 168 1207 ubi
201 1141 421 1224 peccavimus,
456 1139 505 1204 vel
546 1139 725 1205 inversione
757 1138 877 1216 literae,
913 1137 963 1205 vel
992 1138 1058 1205 alia
1087 1143 1201 1226 quavis
1230 1165 1281 1211 ra·

113 1247 212 1327 tione,
235 1251 271 1311 tu
295 1245 382 1325 mihi,
406 1266 493 1329 rogo,
516 1243 573 1309 des
598 1244 732 1319 veniam.
761 1243 844 1308 Nam
862 1244 1019 1328 ejusmodi
1035 1247 1199 1330 provincia
1222 1257 1280 1330 est,

114 1372 212 1438 quam
243 1356 294 1417 tot
317 1352 386 1436 jam
415 1351 507 1416 anuis
538 1349 626 1416 solus
657 1371 744 1434 gero,
779 1356 815 1413 ut
838 1350 906 1415 siue
930 1349 1053 1434 collega
1076 1351 1164 1420 haud
1186 1353 1282 1422 facile

113 1461 213 1542 queat
226 1455 455 1522 administrari.
502 1455 587 1522 Usus
605 1477 676 1522 sum
695 1476 775 1521 cura
794 1461 892 1539 atque
908 1454 1076 1538 diligentia
1091 1462 1281 1545 quampotui

112 1562 264 1629 maxima.
288 1561 440 1642 Vireo,si
450 1582 547 1627 uuum
557 1584 597 1627 ex
605 1562 657 1627 his
674 1560 926 1645 deprehenderis
940 1568 1019 1627 tute.
1042 1562 1283 1632 NicolausGer-

113 1666 1282 1749 balius,homocomisetstudiorumtuorumadmiratorsummus‚multa

113 1781 145 1841 te
162 1773 268 1840 salute
285 1772 440 1857 impertit.
472 1771 555 1838 Nam
571 1772 656 1839 hunc
668 1769 782 1838 diebus
801 1771 888 1838 hisce
901 1773 1056 1856 proximis
1068 1774 1280 1859 -Argentorati

113 1879 331 1948 convenimus.
355 1878 414 1944 Oui
424 1900 496 1945 cum
510 1878 622 1944 literas
633 1878 845 1944 ostendissem
857 1882 940 1957 tuas,
951 1878 1054 1944 exiliit
1064 1902 1132 1965 prae
1146 1881 1280 1971 gaudeo.

116 1985 197 2052 Vale
220 1983 432 2065 felicissime,
457 1984 500 2048 mi
524 1983 679 2068 Oapnion,
696 1983 794 2049 decus
817 2003 934 2048 mcum.
956 1983 1048 2049 Anno
1076 1990 1169 2051 1520.

204 2093 772 2167 Gedrockt:=Xenophontisapologia,
790 2092 941 2165 Agesilaus
953 2099 982 2153 et
991 2092 1091 2154 Hiero.
1109 2095 1280 2157 ed.1teuch·

114 2202 163 2261 lin.
212 2200 353 2275 Hagenso
372 2200 467 2271 1520,
483 2215 501 2256 a
520 2204 534 2256 1
553 2199 597 2258 bis
613 2200 641 2257 3.

618 2383 781 2450 CCXCIV.

182 2475 338 2542 logolstadt.
1055 2476 1143 2528 7Μαί
1166 2481 1241 2529 1510.

333 2556 500 2630 Joannes
528 2552 712 2628 Reuchlin
740 2579 788 2626 an
816 2553 1068 2631 Pirckheimcr

112 2701 333 2786 entschuldigt
356 2702 435 2782 sich,
452 2703 525 2767 dass
541 2722 577 2766 er
599 2722 634 2766 so
658 2700 751 2782 lange
767 2703 917 2782 geziigsrt
932 2700 1025 2779 habe,
1042 2701 1101 2767 das
1116 2698 1280 2785 ¹gelicheno

110 2807 435 2875 zuruckzuerstatten
450 2806 516 2874 und
532 2807 630 2872 bittet
645 2827 699 2870 um
722 2804 782 2870 das
801 2804 1003 2871 wiirterbuch
1027 2804 1084 2872 des
1100 2807 1278 2891 Hesychius

112 2914 179 2980 und
215 2914 267 2978 die
298 2912 492 2998 grammatik
528 2913 586 2977 des
617 2898 708 2976 illius
739 2909 894 2975 Hadrian.
940 2911 985 2974 Er
1013 2910 1097 2976 habe
1131 2932 1279 2996 morgens

111 3019 195 3087 liber
209 3019 353 3085 Kimchis
368 3018 559 3085 hebraische
575 3015 779 3101 gramatii,
796 3014 921 3080 abends
945 3015 1027 3080 iiber
1043 3016 1278 3101 Aristophanes

111 3125 225 3192 Plutus
249 3147 306 3191 vor
319 3124 412 3190 mehr
426 3124 475 3190 als
491 3122 702 3190 dreihundert
718 3121 846 3187 schiiler
865 3127 1086 3204 vorsutragen.
1115 3123 1163 3187 Ile
1179 3122 1278 3187 Fran·
1311 3196 1314 3201 ,

111 3232 197 3297 cisco
214 3230 412 3314 (Sickingeo)
436 3251 521 3310 meo,
551 3229 647 3293 immo
672 3227 810 3292 omnium
844 3226 1058 3307 literatorum,
1082 3228 1222 3311 posted
1246 3234 1280 3293 te

111 3334 261 3416 scribam,
289 3335 419 3421 quando
447 3334 624 3420 capitulum
647 3335 785 3399 fratrum
811 3332 1056 3399 Dominicalium
1086 3333 1173 3419 quod
1195 3354 1279 3399 nnuc

111 3440 350 3508 Francofordiae
373 3440 522 3537 habetur,
540 3438 664 3520 effluet;
687 3439 851 3524 pollicitus
874 3439 901 3503 is
925 3438 1004 3504 mihi
1028 3445 1079 3505 est
1093 3460 1206 3524 pacem
1229 3460 1281 3506 ve·

114 3569 184 3613 ram
203 3549 224 3608 ¹.
251 3546 429 3631 Anglopoli‚
453 3547 545 3613 nonis
568 3546 654 3631 maji,
678 3565 761 3609 anuo
789 3550 882 3610 1520.

200 3655 361 3717 Gedruckt:
381 3677 424 3709 =
439 3655 570 3731 Goldest,
593 3655 792 3714 Pirckhcimer
814 3670 881 3727 opp.
907 3671 928 3712 s.
957 3659 1029 3716 261.

621 3838 769 3906 CCXCV.

180 3929 337 3996 Iogolstadt.
1039 3931 1067 3976 ll
1090 3927 1143 3978 Mai
1166 3929 1241 3975 1520.

245 4020 271 4094 J
273 4045 412 4093 oannes
440 4018 624 4092 Reuchlin
652 3979 701 4090 an
728 4015 849 4091 Jacob
879 4014 1140 4114 Questenberg.

201 4167 290 4233 Jetzt
309 4166 413 4232 kenne
432 4165 654 4249 Questenberg
676 4165 758 4232 nach
777 4165 846 4231 drei
865 4163 982 4247 jahren
1000 4162 1066 4227 ihm
1085 4160 1213 4227 eudlich
1229 4162 1281 4227 ein

185 4350 195 4394 1
220 4343 278 4410 Vgl.
292 4343 403 4394 neither
416 4342 545 4395 Rsuohlin
558 4361 579 4398 s.
592 4349 644 4398 447
658 4348 684 4407 ff,
696 4284 751 4409 llud
765 4345 807 4404 oie
821 4342 1089 4412 zusammcnstellung
1099 4341 1141 4392 bei
1152 4341 1281 4413 Btckiug,

111 4434 197 4515 suppl.
217 4433 270 4484 vol.
290 4434 324 4498 Il,
344 4451 366 4485 s.
389 4435 436 4483 151
456 4436 492 4511 ig.
