2798 4980
666 364 733 433 2Ίο

111 562 234 645 quanto
256 555 391 624 liberius
421 554 598 621 infimatum
622 554 664 621 de
694 553 801 621 media
822 554 919 640 plebe
949 556 1129 625 hominem:
1151 557 1250 637 Quanto

22 724 26 731 .
112 670 209 748 putas
232 684 284 729 me
306 669 376 728 tum
400 667 530 746 captum
553 661 769 726 admiratione
798 682 872 727 oum
894 662 1040 747 quodam
1061 663 1174 748 insigni
1199 684 1253 748 gau-

113 767 185 849 dio,
214 767 344 853 quando
376 767 534 832 universis
563 764 838 850 applaudentibus
869 766 1067 833 audivissem
1089 768 1133 834 ad
1154 786 1254 834 sunus

112 879 147 939 te
175 893 285 938 rernm
321 871 452 956 fasdgia
481 871 705 936 conscendisse
742 872 901 955 optimum
935 872 1052 957 optimi
1087 872 1254 958 sapientissi-

113 978 222 1063 mique
239 976 395 1061 Principis
412 976 476 1041 diri
492 976 658 1043 Laurentii
675 975 810 1042 Medicis
825 975 937 1057 filium,
960 977 1158 1044 recordabar
1171 976 1254 1043 cubito

112 1088 267 1167 tanquam
290 1082 520 1167 hierophantes
542 1081 662 1166 aliquis
684 1087 858 1165 paternum
880 1081 966 1148 illud
989 1083 1175 1150 vaticinium
1192 1099 1254 1149 veru

113 1187 293 1273 prophetiae
316 1208 385 1271 par.
1013 1237 1015 1241 ,

203 1291 286 1370 Quid
310 1292 370 1357 hac
393 1313 434 1357 ex
450 1291 625 1357 Laurentio
647 1290 760 1356 laurea
789 1291 939 1359 trutinari
968 1299 1079 1378 queat,
1101 1312 1163 1358 non
1183 1288 1255 1356 modo

113 1396 316 1464 laurentibus
353 1397 496 1481 populis,
535 1396 592 1462 sed
627 1397 726 1462 etiam
766 1397 828 1462 toti
863 1396 935 1462 orbi
974 1397 1172 1482 preciosius?
1204 1396 1256 1481 quis

114 1502 218 1587 major
240 1503 418 1587 excogitari
434 1502 608 1568 thesaurus
624 1503 727 1584 possit
742 1523 839 1587 quam
859 1503 901 1567 sit
915 1502 997 1569 illud
1011 1509 1107 1569 tuum
1120 1499 1256 1569 meffabilo

115 1628 259 1691 regnum,
283 1608 368 1673 unde
393 1607 486 1673 nobis
509 1628 620 1672 omues
651 1607 767 1672 divitiae
791 1613 952 1693 tanquam
970 1629 1012 1674 ex
1026 1592 1152 1674 Pactoli
1165 1606 1256 1691 ebuso

113 1712 235 1793 fluunt,
265 1733 376 1778 omnes
409 1713 605 1796 optimarum
638 1712 811 1779 literarum
833 1719 983 1794 ornatus,
1016 1721 1051 1780 et
1079 1734 1171 1780 omne
1192 1708 1256 1797 quod

114 1828 167 1884 est
188 1818 221 1882 in
245 1817 393 1883 humanis
417 1817 559 1883 bonum?
588 1817 718 1884 Semina
743 1818 825 1903 jecit
853 1824 950 1903 pater
980 1818 1141 1886 universe
1163 1815 1256 1885 veteris

114 1922 325 2009 pbilosophis
347 1943 418 2009 qnae
447 1944 531 1988 nunc
560 1928 593 1989 te
616 1923 684 1989 filio
707 1923 739 1989 iu
763 1923 886 1990 culmos
908 1928 1065 2008 snrgunt,
1096 1928 1136 1989 ut
1156 1931 1188 1989 te
1207 1939 1257 2003 reg

117 2035 216 2096 nante
252 2029 346 2095 nobis
376 2030 482 2114 spicas
511 2029 599 2094 illius
635 2036 757 2097 metere
787 2029 885 2095 liceat
916 2030 950 2095 in
987 2029 1138 2096 omnibus
1164 2025 1256 2110 lingbr

117 2155 231 2219 graeea,
256 2134 367 2214 latina,
391 2135 530 2214 hebraea,
553 2133 699 2214 arabica,
727 2134 895 2201 chaldaica
910 2141 944 2200 et
959 2130 1142 2216 chaldiaea,
1163 2130 1256 2219 qubus

114 2238 177 2305 hoc
201 2246 346 2323 tempore
370 2240 445 2305 libri
468 2247 533 2305 tnae
556 2240 720 2324 Majestati
750 2239 930 2306 offeruntur
953 2244 988 2306 et
1010 2238 1144 2306 uberius
1171 2234 1256 2306 omnis

114 2342 326 2429 perficiuntur
377 2343 438 2410 suh
480 2352 538 2411 tua
576 2344 715 2426 ditione,
753 2366 827 2430 quac
868 2352 946 2412 suut
985 2367 1008 2413 a
1045 2351 1181 2429 parente
1214 2349 1256 2408 uo

114 2449 364 2534 prudentissime
387 2450 547 2516 inchoata.

204 2555 310 2633 Quare
334 2556 478 2639 cogitans
500 2556 570 2622 sola
599 2557 751 2623 studiosis
780 2555 994 2641 Pythagorica
1018 2556 1176 2636 defuisse,
1203 2569 1255 2638 qua

114 2667 223 2726 tamen
252 2661 389 2745 sparsim
417 2661 450 2726 in
481 2662 648 2727 academia
679 2662 883 2728 laurentiana
910 2662 1127 2743 delitescunt,
1157 2654 1256 2728 cmdidl

113 2765 202 2834 hand
224 2767 387 2851 ingratum
403 2766 463 2833 tibi
478 2768 634 2848 futurum,
658 2766 687 2834 si
702 2773 735 2834 ct
749 2789 790 2834 ea
805 2768 876 2834 foro
892 2766 1052 2849 afferrem,
1075 2785 1149 2853 qua
1163 2763 1257 2851 Pyra

113 2895 210 2958 goras
248 2873 439 2958 nobilesque
470 2873 663 2958 Pythagorei
694 2873 833 2939 sensisse
865 2873 1019 2940 dicuntur
1041 2880 1081 2939 ut
1100 2879 1157 2939 tuo
1182 2863 1256 2937 subal

113 2980 243 3045 numine
266 2979 465 3063 legerentur,
495 2979 604 3045 latinis
632 2979 788 3045 hactenns
817 2978 935 3062 ignota.
980 2979 1087 3045 Italiae
1119 2973 1256 3069 Mamilius

115 3083 284 3150 Platonem
315 3085 427 3165 edidit,
456 3085 558 3151 Gallis
573 3085 782 3151 Aristotelem
811 3085 951 3152 Iacobus
980 3082 1089 3150 Faber
1113 3080 1257 3167 supun-

114 3190 159 3257 sis
189 3193 401 3271 restaurarit,
430 3190 571 3276 implebo
599 3212 768 3257 numerum
798 3197 833 3258 et
855 3190 1001 3274 Gapnion
1029 3210 1089 3274 ego
1113 3182 1257 3255 German

114 3314 175 3380 per
189 3317 240 3362 me
256 3302 480 3363 renascentem
502 3296 717 3382 Pythagoram
734 3302 791 3363 tuo
814 3296 935 3363 nomini
950 3294 1096 3361 dicatum
1112 3290 1256 3361 exhibebo

112 3399 153 3465 Id
174 3406 282 3467 tamen
304 3403 427 3488 absque
440 3403 650 3469 Hebraeorum
660 3403 783 3469 Cabala
805 3399 876 3467 fieri
904 3422 968 3468 non
990 3400 1109 3485 potuit,
1131 3420 1169 3466 oo
1191 3388 1258 3483 quod

114 3504 306 3590 Pythagora
328 3507 534 3592 philosophia
563 3507 604 3574 de
628 3507 852 3574 Gabalaeorum
877 3507 1050 3591 praeceptis
1072 3505 1167 3572 initia
1187 3497 1258 3568 nuxit

116 3632 189 3696 quae
216 3619 347 3697 patrum
376 3615 532 3680 memoria
561 3612 729 3680 discedens
759 3635 777 3679 e
805 3621 924 3697 magua
952 3610 1080 3677 Gracia
1110 3628 1218 3676 rursus
1235 3603 1258 3668 in

115 3716 354 3787 Cabalistarum
378 3720 540 3786 volumina
555 3719 710 3786 incubuit.
755 3719 909 3785 Eruenda
931 3717 1032 3801 igitur
1052 3716 1129 3811 iude
1151 3713 1258 3781 narrt

114 3824 184 3892 fere
207 3827 324 3892 omnia.
371 3827 477 3905 Quare
501 3825 542 3892 de
565 3831 636 3891 arte
661 3824 859 3892 Cabalistiea
886 3843 958 3908 quae
981 3821 1159 3907 symbolica
1178 3815 1259 3906 pbilu

114 3931 230 4018 sophia
253 3939 305 3999 est
319 3932 441 4017 scripsi,
465 3942 503 3998 nt
527 3932 802 4016 Pythagoreorum
824 3928 1146 4014 dogmatastudiosis
1166 3922 1259 3992 fiornt

113 4038 253 4105 notiora.
299 4039 336 4105 In
368 4037 485 4122 quibus
508 4037 656 4103 omnibus
683 4036 763 4102 nihil
796 4035 921 4101 affirmo
954 4039 1084 4100 tantum
1110 4039 1183 4102 utut
1209 4024 1259 4113 opi·

114 4149 235 4211 uantur
256 4143 402 4210 infideles
425 4143 537 4222 recito,
561 4143 617 4227 qni
633 4143 794 4209 Simonem
816 4140 965 4208 Judaeum
989 4138 1120 4207 Gabala
1141 4137 1258 4224 perium

115 4247 260 4315 audituri
291 4249 530 4316 Francofordiae
562 4249 595 4313 in
625 4270 733 4315 uuam·
753 4267 931 4332 cauponam
962 4268 980 4313 e
1011 4245 1139 4312 diverso
1165 4242 1259 4309 itincre

116 4355 309 4420 conveniunt
332 4354 496 4421 Philolaus
523 4354 633 4440 junior
656 4355 878 4441 Pythagoreus
909 4358 943 4418 et
970 4353 1143 4419 Murranus
1171 4345 1259 4414 Maho

116 4459 255 4527 metistu.
