2798 4980
673 323 735 389 194

114 535 190 582 unm
213 511 367 581 transtuli
396 536 468 580 eum
493 511 681 599 praefatione
703 512 835 579 honoris
853 512 873 578 ².
919 510 1003 581 Eum
1025 510 1169 581 libellum
1189 510 1254 581 clal-

115 620 296 705 ecgrapbus
331 619 438 686 adhuc
472 640 575 703 usque
607 618 704 683 hodie
738 625 815 703 typo
848 618 1005 703 imprimit
1044 618 1088 685 ad
1122 621 1255 686 nundinas

115 725 280 809 proximas
303 723 632 809 Franoophcrdiensis
655 743 771 788 venum
795 724 961 790 ducturus.
1007 724 1103 792 Unde
1128 746 1192 790 non
1214 724 1255 790 du·

116 830 204 895 bium
227 834 278 897 est
300 829 342 895 ad
366 835 398 894 te
422 829 499 913 quin
523 836 586 894 eat.
631 828 699 912 Ego
723 827 844 895 curabo
867 829 1050 914 diligenter,
1073 836 1110 895 ut
1131 830 1255 896 illustris

116 936 196 1001 simo
220 935 304 1000 Duci
328 935 472 1019 emporio
496 935 654 998 mittatur.
1150 954 1158 961 ·'

207 1041 299 1119 Quod
330 1047 440 1106 autem
464 1039 692 1105 Caesareaneos
722 1040 769 1106 ais
800 1039 884 1106 male
908 1040 948 1106 de
972 1062 1024 1106 me
1047 1041 1176 1121 sentire,
1203 1058 1256 1124 pro

117 1146 203 1212 lecto
227 1167 291 1212 non
315 1167 426 1210 omues
449 1146 495 1210 ita
519 1145 672 1224 sentiunt,
695 1145 753 1210 sed
776 1145 870 1225 forte,
900 1167 1037 1231 quorum
1062 1145 1104 1211 ab
1128 1149 1255 1211 cresunt

117 1251 221 1317 ubera
251 1250 421 1317 subtracta
449 1250 581 1316 consilio
605 1272 686 1329 meo,
719 1251 815 1317 etiam
841 1272 891 1316 me
914 1251 1094 1335 ignorante.
1141 1252 1181 1317 At
1201 1249 1253 1315 eho

119 1355 209 1420 duml
233 1356 288 1440 qui
311 1357 344 1420 in
367 1355 516 1422 domibus
540 1357 660 1439 Regum
685 1360 770 1434 sunt,
794 1355 945 1422 mollibus
973 1356 1165 1422 vestiuntur.
1205 1354 1256 1420 llon

120 1463 183 1527 crit
205 1461 284 1525 mihi
307 1483 402 1546 grave
426 1462 554 1527 illorum
578 1483 755 1527 susurrum.
795 1462 843 1527 Tu
866 1467 955 1527 recte
972 1467 1072 1547 atque
1088 1482 1162 1528 vera
1176 1479 1256 1526 mean

120 1567 336 1632 innocentiam
361 1566 536 1631 defendisti
560 1567 600 1633 de
624 1589 703 1632 auro
722 1566 854 1652 judaico
878 1565 965 1652 quod
988 1587 1152 1652 nunquam
1168 1562 1256 1649 cupiri.

118 1671 215 1736 Nullo
240 1673 325 1737 enim
349 1674 433 1737 vitae
456 1693 536 1736 meae
559 1678 706 1756 tempore
729 1672 779 1737 vel
804 1693 920 1738 aurum
942 1670 993 1735 vel
1016 1678 1195 1755 argentum,
1218 1672 1258 1734 aut

120 1778 192 1842 aeris
216 1779 352 1863 alicujus
381 1784 542 1843 monetam
567 1799 587 1843 a
609 1777 733 1860 Judaeo,
764 1777 815 1842 vel
842 1777 965 1856 Judaea,
993 1775 1044 1842 vel
1073 1797 1184 1843 eorum
1207 1774 1259 1840 lost

120 1905 158 1948 ac
181 1885 308 1950 nomine
336 1905 477 1967 unquam
508 1884 620 1967 accepi
648 1903 754 1968 neque
782 1904 842 1967 per
870 1904 935 1963 me,
966 1903 1072 1968 neque
1104 1879 1260 1966 puralium

121 2010 304 2073 quenquam
334 2010 439 2072 neque
468 1990 615 2072 accipere
644 1989 782 2073 speravi.
827 1987 921 2066 Quod
949 1988 982 2051 in
1006 1986 1100 2052 oculo
1123 1980 1260 2071 speculan·

119 2093 160 2157 de
190 2094 358 2158 mendacio
381 2094 587 2177 Pepericorui
619 2099 660 2158 22
683 2094 695 2134 ²
723 2093 832 2178 palam
863 2098 1040 2158 attestatus
1064 2112 1159 2172 aum,
1186 2090 1262 2175 idque

120 2198 217 2263 nullis
243 2198 400 2263 hactenus
430 2198 658 2283 scriptionibus
690 2197 869 2264 adversarii
896 2219 1014 2281 negare
1044 2198 1117 2263 ausi
1145 2196 1264 2263 fuerunt.

120 2303 203 2380 Quid
228 2303 260 2366 in
284 2324 381 2368 aures
412 2311 520 2370 autem
552 2303 770 2389 quorumlibet
797 2304 1004 2383 mentiantur,
1037 2305 1120 2369 scire
1150 2321 1265 2389 nequeo.
1310 2316 1313 2323 ·

209 2409 257 2473 Dc
280 2409 401 2472 nummi
425 2409 548 2475 ducalis
571 2430 713 2490 munere,
736 2410 787 2475 cui
814 2408 1018 2475 inscribitur:
1053 2409 1202 2490 „Elector
1219 2407 1266 2476 ln·

121 2513 268 2597 periique
293 2513 397 2578 locum
422 2520 535 2580 tenens
559 2515 736 2598 generalis“
771 2535 831 2598 ago
859 2515 919 2580 tibi
947 2537 1011 2580 non
1042 2513 1130 2580 leves
1154 2511 1265 2598 gratias.

118 2617 200 2699 Vidi,
230 2618 297 2683 ridi
320 2619 362 2685 ab
385 2620 464 2703 ipsis
487 2621 586 2705 Lydis
610 2620 674 2706 qui,
698 2627 832 2686 auctore
855 2619 1037 2701 Herodoto,
1061 2619 1160 2704 primi
1182 2616 1266 2684 homi-

117 2744 194 2790 num
218 2731 408 2808 argenteum
431 2726 588 2792 nomisma
610 2732 855 2809 percusserunt,
879 2747 981 2811 usque
997 2725 1040 2791 ad
1056 2724 1141 2791 hanc
1158 2729 1268 2790 aetaten

117 2830 197 2895 nihil
230 2831 419 2896 absolutius.
466 2832 536 2897 Hoc
569 2830 651 2896 illud
686 2836 744 2911 est,
769 2832 923 2912 Matiane,
958 2830 1046 2915 quod
1078 2829 1154 2896 aute
1184 2847 1269 2895 annos

119 2936 398 3021 quamplurimos
428 2958 519 3002 meus
548 2936 625 3001 mihi
658 2937 784 3000 animus
817 2958 875 3020 per
903 2936 1018 3001 Filiam
1050 2936 1138 3003 vocis
1169 2952 1270 3021 praesa·

119 3042 205 3125 giril,
238 3044 343 3109 denuo
378 3043 447 3108 fore
482 3042 623 3126 aliquem
646 3041 863 3121 Fridericum,
897 3041 951 3127 qui
987 3062 1100 3107 rursus
1132 3035 1271 3106 mundani

118 3147 202 3213 freni
225 3155 334 3214 rector
356 3147 458 3229 fieret,
483 3149 568 3232 quod
593 3147 762 3232 Spalatino
793 3146 956 3232 quondam
986 3146 1105 3230 scripsi
1124 3145 1146 3209 ³.
1193 3145 1272 3210 Nuus

118 3274 177 3336 per
216 3255 367 3337 spiritum
400 3253 573 3338 prophetia
605 3255 663 3319 nos
698 3252 817 3318 deficit..
871 3252 971 3336 Cujus
1009 3251 1097 3318 haud
1137 3248 1272 3317 absimile

117 3359 248 3441 scripsit
287 3360 428 3424 Jcannes
464 3360 573 3441 Picus,
608 3359 722 3424 (lomes
752 3357 1011 3437 Mirandulanus,
1053 3357 1195 3423 omnium
1224 3351 1274 3420 aeri

116 3464 220 3529 nostri
242 3464 344 3548 (quod
367 3464 465 3529 bilem
496 3463 644 3549 pluribus
668 3464 821 3547 sophistis
850 3471 883 3529 et
915 3462 1119 3529 stomachum
1142 3460 1273 3542 movent)

117 3568 321 3634 doctissimus
345 3576 378 3634 et
401 3571 659 3635 litteratissimus
682 3570 714 3633 in
738 3569 941 3635 conclusione
965 3568 1206 3634 Cabalistarum
1227 3587 1275 3631 au·

115 3675 330 3760 tepenultima
354 3677 417 3740 sic:
446 3675 634 3759 „Sapientes
658 3675 759 3740 lsrael
782 3682 857 3760 post
873 3675 1089 3741 cessationem
1105 3671 1275 3759 prophetia

113 3781 343 3865 perspiritum
367 3781 606 3865 prophetarunt
628 3803 687 3865 per
710 3781 825 3847 Filiam
849 3782 962 3846 vocis.“

203 3889 270 3972 Ego
300 3887 413 3971 itaque
443 3887 550 3972 reperi
582 3893 658 3953 ante
682 3908 782 3952 armos
806 3885 1052 3971 quatuordecim
1075 3906 1096 3951 a
1118 3883 1277 3952 veteribus

112 3991 309 4059 Cabbulistis
333 4014 432 4077 super
454 3992 554 4060 verba
571 3992 750 4059 Salomonis
766 3993 874 4077 capite
892 3997 948 4058 30:
976 3989 1143 4072 ,umeleeh
1159 3990 1192 4056 al
1207 3989 1277 4055 irum

185 4191 195 4235 1
218 4187 278 4253 Vgl.
306 4187 373 4238 oben
397 4202 452 4239 nro.
480 4186 582 4239 CLXV.
657 4116 830 4237 tillendacio
856 4183 898 4253 22]
925 4183 1115 4251 augenspiegel
1146 4184 1191 4235 fol.
1217 4181 1280 4234 XL*

113 4275 127 4322 3
149 4273 195 4322 llin
225 4275 296 4325 brici
318 4276 460 4328 Rcuchlins
484 4294 516 4326 an
538 4275 656 4347 Spalatin
682 4291 727 4324 vor
753 4275 810 4323 dem
830 4273 977 4340 zeitpunkt,
1001 4289 1032 4321 an
1053 4270 1111 4322 dem
1133 4274 1182 4322 wir
1200 4269 1281 4331 stehn,
1308 4306 1314 4335 ,

112 4359 147 4409 ist
165 4359 240 4410 nicht
254 4361 379 4412 erbulten.
418 4365 536 4430 Spalatin
556 4363 656 4414 eraithlt
677 4381 726 4413 von
741 4364 825 4414 ciuem
845 4379 893 4412 uns
913 4363 936 4412 d.
955 4363 976 4426 j.
993 4364 1066 4424 1511,
1087 4359 1140 4426 vgl.
1156 4359 1282 4411 Reucblin

114 4461 134 4496 s.
152 4449 193 4498 52.
214 4464 237 4501 a.
256 4454 279 4501 2.
