2798 4980
672 326 737 391 130

114 515 260 602 quotidie
287 521 423 580 conatus
452 535 617 598 nunquam
649 514 795 581 feriaret.
842 515 914 583 Scis
935 516 1046 602 magni
1069 539 1141 584 esse
1162 516 1262 585 laboris

112 630 147 688 et
160 622 337 688 multorum
353 622 480 686 dierum
496 622 656 704 castigare
671 641 710 686 ao
726 621 909 701 emendare,
925 622 1015 706 quod
1032 624 1170 707 sparsim
1185 622 1257 703 latet,

113 727 299 813 Sybillaque
328 728 507 810 interprete
535 725 729 811 quandoque
762 747 844 810 opus
873 734 971 793 esset
1025 728 1077 792 'l'u
1103 727 1167 807 fac,
1194 727 1260 812 quod

112 833 216 912 decet,
239 840 273 898 91
295 853 354 915 ego
377 832 504 909 faciam,
528 830 615 916 quod
637 836 777 914 oportet.
821 830 917 897 Nosti
940 832 1021 917 quid
1044 832 1148 899 velim.
1194 832 1262 901 lala

113 939 163 1003 Ex
185 937 376 1021 Stutgardia
399 936 554 1002 Kalendis
576 936 811 1002 Decembribus
838 941 935 1003 1510.

636 1041 686 1107 Jo.
709 1041 876 1121 Reuehliu,
900 1041 1096 1109 Phorcensis
1117 1042 1149 1108 ll.
1170 1042 1229 1107 doc

206 1152 281 1210 llus:
297 1151 399 1209 anler
414 1151 668 1210 universitntsbibl.
686 1150 838 1210 handschr.
855 1150 919 1210 GlI
936 1149 1264 1231 maurocenorum

118 1256 170 1316 des
184 1256 309 1315 Basilius
324 1257 494 1331 Amerbaclr,
511 1256 611 1316 eolrels
627 1256 677 1317 des
691 1253 862 1331 lohannes).

641 1422 767 1489 CXXV.

192 1511 331 1577 stuttgart.
1060 1513 1076 1563 6
1097 1514 1157 1580 Apr.
1178 1515 1238 1563 1111.

116 1621 494 1698 MeisterJohannsen
504 1622 754 1698 Ammerbach
763 1620 1014 1697 buohtr'dcker
1037 1626 1142 1699 nnnd
1157 1625 1265 1723 burgos
1310 1724 1312 1729 Ι

115 1774 160 1820 zu
179 1747 288 1821 Bascl
308 1747 445 1821 minem
463 1746 586 1820 licbon
605 1747 716 1820 herrn
734 1744 839 1820 unnd
856 1757 987 1845 guttam
1011 1747 1127 1823 frnnd
1150 1749 1210 1821 inu
1223 1745 1267 1819 siu

395 1869 515 1943 handt
533 1869 607 1971 [210.
629 1867 834 1970 Reuchlin]
853 1869 890 1944 S.
910 1870 956 1944 D.
976 1871 1019 1945 P.

224 2016 316 2094 Quod
345 2022 420 2081 ante
448 2016 480 2081 in
512 2036 616 2100 graeco
640 2015 895 2096 emendavimus,
926 2016 959 2082 id
984 2017 1056 2100 jam
1080 2017 1183 2084 cernis
1202 2012 1270 2081 9119

119 2118 273 2185 bebraioa
307 2120 417 2203 lingue
447 2121 657 2205 completum3
694 2121 788 2186 mitto
818 2120 910 2185 enim
943 2121 1123 2206 prophetas
1155 2122 1271 2186 minores

122 2229 161 2288 12
185 2232 220 2290 91
243 2224 370 2303 isaiam,
394 2227 449 2311 qui
471 2228 562 2310 prius
585 2225 788 2292 Ezechielem
804 2225 848 2289 ad
867 2231 901 2290 te
917 2225 992 2291 misi
1009 2227 1030 2291 ¹.
1069 2226 1180 2293 Habes
1192 2225 1271 2310 igitur

120 2329 220 2395 libros
255 2330 286 2394 S.
316 2330 503 2414 Hieronymi
534 2352 594 2415 per
632 2352 683 2396 me
718 2331 898 2414 castigatos
941 2335 1009 2396 tam
1052 2351 1156 2415 graeoe
1194 2348 1271 2415 quam

118 2432 285 2509 hebraice:
314 2455 411 2518 super
434 2435 592 2518 genesim,
619 2457 717 2518 super
743 2441 782 2500 12
806 2435 1011 2520 prophetas,
1041 2457 1141 2521 super
1166 2435 1271 2511 leion

119 2560 218 2623 super
240 2539 456 2617 Ezechielem3
481 2562 597 2624 parum
621 2546 727 2605 restat
749 2539 789 2605 de
813 2540 961 2606 Daniele.
1009 2540 1108 2619 Quod
1123 2542 1153 2608 si
1166 2539 1271 2625 uspiam

120 2644 207 2709 circa
239 2665 297 2709 uos
331 2645 500 2729 antiquum
530 2646 672 2731 aliquem
693 2645 881 2729 Hieronymi
906 2645 1052 2712 codicem
1083 2668 1182 2732 super
1200 2646 1272 2712 lere·

120 2748 218 2814 mium
246 2748 403 2815 hactenus
430 2750 573 2817 invenire
595 2750 788 2835 potuissem,
818 2752 922 2815 etiam
950 2749 1044 2815 illum
1062 2752 1134 2836 jam
1156 2751 1271 2817 haberes

120 2853 322 2935 absolutum3
351 2855 410 2922 sed
439 2857 565 2922 1919999
596 2855 709 2939 putavi
733 2876 783 2920 me
807 2856 936 2940 opere²
963 2857 1112 2940 precium
1135 2878 1203 2923 9999
1221 2854 1272 2920 uc

121 2965 241 3042 turum,
264 2963 292 3028 si
316 2982 397 3046 opus
421 2961 595 3046 epistolare
619 2960 824 3044 aggrederer,
848 2959 936 3045 quod
959 2960 1001 3026 ad
1024 2982 1077 3027 me
1105 2967 1272 3027 19919999

120 3066 248 3133 dedisti.
293 3068 446 3147 Quamvis
469 3089 528 3132 nec
551 3066 697 3152 ejusdcm
720 3065 858 3132 habeam
881 3073 974 3131 vetus
999 3065 1184 3150 exemplar,
1204 3061 1272 3149 cepi

120 3172 205 3238 vires
250 3194 401 3238 exercere
445 3173 565 3256 ingenii
607 3177 641 3236 et
682 3178 774 3237 19919
819 3170 932 3236 labore
976 3176 1136 3256 tantoque
1173 3174 1272 3236 999919

121 3276 174 3339 vix
205 3277 342 3359 primam
373 3278 442 3360 ejus
474 3282 615 3360 partem,
652 3297 723 3362 quae
759 3276 897 3341 aliarum
930 3282 1039 3340 tamen
1070 3283 1122 3341 991
1149 3275 1271 3341 omnium

119 3380 281 3463 castigato
315 3381 482 3461 facillima,
514 3383 582 3447 sine
612 3382 694 3447 duee
725 3381 925 3461 consumavi,
959 3386 997 3445 ut
1024 3379 1095 3465 jam
1119 3380 1272 3464 desperan-

121 3483 197 3550 dum
229 3484 307 3550 mihi
337 3486 380 3552 sit
410 3487 450 3552 de
485 3488 620 3573 reliquis
650 3509 745 3572 posse
775 3487 900 3572 absque
929 3485 1069 3551 vetustis
1100 3481 1272 3569 exemplari·

120 3588 182 3656 bus
209 3589 310 3655 ullum
343 3593 498 3678 consequi
527 3592 691 3658 honorem.
738 3592 962 3676 Quapropter,
997 3595 1035 3655 ut
1073 3597 1138 3657 tuae
1167 3606 1271 3655 morem

120 3716 231 3780 geram
261 3694 434 3778 voluntati,
464 3705 637 3783 postquam
667 3697 873 3775 convaluero,
897 3697 1029 3780 -jam
1065 3696 1152 3762 enim
1179 3697 1210 3760 in
1229 3689 1272 3757 ob

122 3803 235 3887 sequio
265 3809 322 3868 tuo
352 3809 404 3869 ter
427 3803 536 3888 langui
561 3802 659 3869 etad
682 3802 742 3866 boo
765 3807 895 3885 tempus
924 3801 1022 3866 tertio
1053 3801 1110 3868 illo
1134 3801 1272 3885 languore

118 3907 306 3988 discrucior,
329 3916 502 3993 postquam
527 3915 638 3974 autem
659 3908 861 3987 convaluero,
885 3907 987 3973 statui
1010 3928 1140 3972 mecum
1155 3902 1274 3973 cumeis

118 4014 209 4098 alpes
240 4020 274 4081 et
303 4019 399 4080 antra
429 4014 619 4099 disquirere.
665 4012 770 4079 Crede
801 4013 896 4093 mihi,
929 4012 1069 4097 inceptis
1103 4012 1172 4080 tuis
1201 4004 1276 4077 haud

119 4117 225 4200 deero,
249 4125 283 4185 et
308 4140 329 4183 a
345 4118 422 4186 boni
443 4119 502 4186 viri
523 4119 624 4205 officio
644 4139 696 4186 me
719 4140 784 4184 non
800 4119 1010 4197 dimovebunt
1031 4120 1201 4185 invectiva
1214 4123 1277 4193 tue,

119 4242 201 4306 quas
224 4224 290 4290 scio
314 4246 377 4291 non
401 4247 441 4292 ex
464 4225 583 4307 hostili,
607 4226 664 4294 sed
689 4225 775 4292 bono
799 4225 895 4291 eorde
911 4222 1100 4310 procedere.
1139 4225 1193 4293 Ita
1207 4240 1280 4291 com·

642 4375 648 4387 ·
702 4355 720 4394 tlt

193 4447 205 4496 1
230 4442 302 4515 misi]
316 4457 339 4495 s.
351 4457 375 4494 o.
387 4445 497 4499 999199.
512 4447 579 4498 1510
595 4461 653 4500 nro.
665 4445 786 4498 cxxru.
812 4449 826 4496 2
839 4443 934 4516 Opere]
945 4443 991 4496 das
1002 4440 1119 4513 original
1129 4445 1179 4498 bat
1192 4457 1282 4516 optem·
