2798 4980
667 312 709 378 to

92 558 96 569 .
196 464 1273 580 samono1=o.v.e.ssbrg.;a=o.v'.0.rasb;a=o.

107 633 134 674 0.
145 633 169 675 0.
183 617 209 674 ll
221 614 270 674 tol.
286 616 326 673 35
343 611 390 686 ⁸b;
411 619 482 672 4:
497 610 577 687 rapt,
596 612 736 673 Heinrich
749 611 848 683 Bebel,
866 611 1021 687 Augsburg
1035 615 1133 688 1802,
1149 630 1172 672 0.
1186 612 1274 688 8410.

614 811 757 878 Luxu.
823 898 826 903 Ι

181 921 319 985 stuttgart.
898 915 981 974 ruach
1002 918 1035 968 111
1057 915 1133 968 Febr.
1156 918 1245 986 1501.)

236 1031 398 1105 Henrico
419 1030 569 1104 Bebelio
589 1032 755 1104 loannes
774 1029 959 1104 Reuchlin
978 1029 1158 1105 Salutem.

197 1177 306 1243 Facile
342 1178 449 1260 patiar
472 1199 532 1260 pro
556 1185 611 1242 tuo
644 1175 822 1256 desiderio,
852 1177 950 1242 immo
978 1175 1156 1260 plurimum
1189 1198 1280 1258 areo,

114 1291 145 1348 te
169 1283 247 1348 mihi
271 1283 335 1348 tuis
359 1282 422 1347 illis
443 1282 652 1348 nobilissimis
670 1280 845 1349 virtutibus
861 1281 930 1347 fore
951 1287 1071 1348 notum.
1111 1283 1178 1349 Sed
1200 1283 1280 1350 heus

114 1398 158 1468 tu,
192 1389 236 1452 mi
258 1387 379 1466 Bebeli,
411 1410 468 1453 rur
498 1409 602 1466 amc,
633 1393 788 1452 veterano
818 1390 852 1452 et
880 1386 947 1451 ludi
978 1387 1117 1454 literarii
1142 1389 1279 1454 emerito

114 1493 225 1573 milite,
249 1494 494 1576 grammaticum
526 1492 688 1576 opificium
715 1493 865 1576 quaeris?
897 1494 989 1576 cujus
1019 1499 1052 1559 ct
1076 1493 1144 1560 dux
1169 1499 1202 1559 01
1226 1493 1281 1559 im·

116 1605 249 1683 perator
269 1599 338 1682 ipse
362 1599 393 1662 in
417 1619 581 1663 musarum
606 1597 722 1663 castris
747 1596 970 1681 quotidianum
989 1599 1181 1665 exercitium
1203 1598 1281 1684 agis

116 1703 273 1786 Redigere
289 1725 340 1768 me
358 1703 404 1768 vis
421 1704 462 1768 ad
479 1703 676 1768 incunabula
694 1708 725 1767 et
741 1703 868 1784 vagitus
883 1723 1068 1785 puerorum,
1091 1709 1130 1768 ut
1145 1703 1282 1770 Paulum

114 1810 304 1875 Tarsensem
329 1830 400 1873 cum
425 1809 492 1874 suis
512 1808 637 1873 Galatis
657 1809 842 1891 jurgantem
868 1806 1039 1872 audiamus
1055 1809 1095 1890 1);
1120 1810 1283 1893 quomodo

114 1914 336 1980 convertimini
371 1915 490 1979 iterum
519 1914 561 1978 ad
591 1913 721 1978 infirma
760 1919 793 1978 01
825 1933 926 1997 egena
957 1912 1134 1993 elementa,
1168 1914 1284 2000 quibus

116 2021 220 2085 denuo
244 2019 365 2084 servire
384 2019 488 2083 vultis.
525 2023 566 2083 At
589 2019 688 2084 suerit
710 2017 765 2083 1110
792 2017 831 2083 de
848 2017 921 2083 aliis
944 2017 1140 2101 quibusdam
1156 2019 1285 2086 locutus

116 2125 292 2204 clementis,
318 2145 375 2207 ego
400 2125 480 2188 satis
504 2130 559 2188 tuo
586 2126 597 2162 ²
625 2145 705 2208 erga
733 2145 784 2187 me
808 2123 911 2187 amori
935 2122 1081 2187 facturus
1109 2124 1165 2208 ajo
1193 2124 1285 2210 kyrie

117 2228 320 2314 trisyllabum
345 2251 424 2309 0000,
447 2229 649 2313 primamque
673 2250 732 2313 per
748 2228 906 2314 hypsilon,
931 2227 1106 2293 secundam
1121 2249 1202 2295 vero
1213 2231 1287 2317 jota

117 2333 329 2414 scribendam,
362 2335 413 2401 oui
445 2335 488 2399 sit
521 2340 675 2399 accentus
710 2333 743 2397 in
778 2334 885 2416 prima
918 2334 1102 2415 peracutus.
1156 2330 1289 2402 Eleisou

117 2444 227 2504 autem
254 2440 385 2506 verbum
418 2441 642 2523 imperativum
675 2438 936 2522 tetrasyllabum,
967 2444 1104 2504 accentu
1136 2439 1289 2507 similiter

117 2545 150 2608 in
178 2545 429 2628 antepenultima
459 2551 555 2610 acuto
576 2546 596 2624 ³,
629 2566 688 2610 nec
717 2544 755 2608 fit
785 2543 1003 2627 diphthongus
1034 2564 1181 2628 unquam
1209 2566 1289 2611 exe

119 2657 152 2715 et
174 2674 192 2720 η
216 2648 382 2715 vocalibus
397 2649 419 2726 ⁴,
454 2670 518 2733 qua
541 2657 676 2734 propter
699 2671 720 2714 a
743 2650 863 2715 nostris
887 2648 928 2714 ob
948 2649 1164 2731 ignorantiam
1181 2651 1291 2716 Helle-

118 2755 212 2819 nismi
242 2755 325 2819 male
357 2755 456 2838 coepit
482 2755 689 2838 pronunciari
712 2755 772 2820 hoc
797 2760 901 2819 totum
925 2753 1118 2836 kyrieleison
1144 2756 1290 2842 quinque

119 2859 326 2946 syllabarum,
351 2862 443 2944 quasi
466 2883 525 2945 per
549 2861 769 2944 synaloepham
793 2860 878 2925 elisis
901 2860 1076 2926 vocalibus.

207 2969 254 3032 De
284 2967 448 3050 evangelio
477 2966 562 3030 idem
588 2966 675 3050 quod
699 2965 738 3029 de
763 2965 913 3032 Evandro
937 2965 997 3049 tibi
1016 2965 1179 3050 judicium
1211 2968 1257 3034 sit
1267 2967 1288 3030 5.

118 3071 199 3137 Nam
226 3094 299 3138 oum
323 3079 397 3156 post
421 3094 461 3136 eu
486 3093 624 3137 consona
652 3071 749 3137 litera
782 3072 942 3156 sequitur,
976 3078 1053 3136 tune
1087 3070 1289 3157 diphthongi,

119 3177 179 3241 hoc
210 3183 261 3242 001
288 3177 424 3242 duarum
455 3197 565 3243 vocum
596 3199 693 3243 sonus
722 3178 883 3243 retinetur
919 3183 955 3241 ut
988 3199 1084 3262 euge,
1113 3178 1289 3257 Eusebius,

120 3280 303 3348 Eunuchus.
349 3287 505 3365 Sequente
529 3303 604 3347 vero
628 3282 740 3368 aliqua
764 3283 875 3364 vocali,
900 3294 1099 3369 compertum
1122 3289 1289 3352 0010000-

682 3429 699 3467 ss

194 3522 205 3566 1
227 3515 285 3566 Gal.
306 3531 362 3582 cap.
383 3520 406 3566 4.
427 3518 491 3568 (1.9.
509 3518 561 3576 πῶς
578 3514 727 3587 ἐπιστρέφετε
747 3516 820 3570 πάλιν
840 3517 877 3570 101
897 3517 927 3570 τὰ
946 3514 1032 3583 &obsiti
1052 3518 1093 3569 aul
1112 3517 1205 3590 πτωχὰ
1222 3534 1288 3570 oror-

119 3608 180 3674 χεῖα.
201 3596 235 3664 οἷς
254 3601 327 3654 πάλιν
346 3601 437 3656 ἄνωθεν
457 3603 578 3656 δουλεύειν
597 3605 690 3676 θέλετεξ
757 3613 771 3657 2
792 3614 836 3658 tua
857 3613 880 3657 1.
949 3610 963 3656 3
983 3607 1063 3656 Diese
1082 3607 1286 3674 mittheilungeu

20 3689 26 3700 ’
121 3695 243 3744 benutate
262 3692 343 3743 Bebel
363 3694 391 3743 in
410 3694 508 3743 seiuem
528 3694 718 3760 reiohhaltigen
738 3695 946 3746 sammelwerke:
972 3694 1167 3746 Commentario
1192 3696 1286 3763 episto·

120 3784 205 3834 lerum
224 3780 448 3833 conficiendarum
468 3799 490 3832 z.
510 3781 535 3833 b.
554 3783 594 3834 ed.
611 3784 719 3847 Phoraua
736 3787 801 3835 1508
821 3784 868 3834 iol.
888 3784 948 3834 ila.
1004 3787 1020 3832 4
1040 3799 1053 3831 o
1073 3783 1116 3833 fur
1134 3800 1152 3833 0.
1208 3783 1286 3835 bale

60 3868 64 3874 ’
121 3870 320 3936 parellellstelle
340 3886 401 3935 mag
422 3885 469 3920 aus
483 3870 566 3920 ciuem
588 3871 705 3922 seltenen
727 3870 1286 3937 0000111000010100001000ος01110100·

122 3959 182 4008 den:
203 3959 322 4024 Angelus
341 3973 428 4023 graece
441 3959 565 4020 nuncius,
583 3959 664 4009 latine
684 3961 747 4009 hino
765 3960 940 4025 evangelium.
960 3960 978 4008 i.
996 3958 1096 4010 bonum
1116 3960 1242 4011 nuncium
1260 3966 1286 4010 et

123 4045 199 4094 debet
217 4046 326 4111 proferri
355 4062 443 4096 onon
469 4047 586 4109 vocalis,
608 4049 660 4098 aed
686 4064 848 4110 consonans,
874 4055 904 4098 ut
928 4062 1021 4097 sonum
1046 4046 1145 4099 habeat
1169 4047 1186 4098 1.
1208 4047 1285 4099 01001.

105 4131 244 4182 -Euander
256 4133 394 4201 Euergitae
408 4142 433 4186 01
453 4137 502 4186 hoo
522 4137 625 4200 quotics
645 4137 747 4188 vocalis
767 4137 856 4202 alique
874 4153 907 4187 eu
926 4136 1053 4201 sequitur.
1085 4135 1160 4187 Alias
1180 4135 1283 4201 quando

123 4235 155 4267 eu
175 4233 321 4270 consonans
339 4224 463 4286 sequitur,
483 4232 544 4274 tunc
564 4225 752 4292 dyphthongus
771 4242 803 4277 eu
823 4242 875 4277 non
896 4225 1030 4288 dividitur,
1050 4224 1096 4276 001
1115 4227 1211 4276 retinet
1227 4224 1281 4274 vim

124 4320 197 4355 suern
216 4315 245 4355 ut
262 4307 398 4362 Eusebius.
436 4313 534 4362 Auctor
553 4314 728 4365 0011000000
749 4315 867 4380 Capuion
888 4315 1042 4381 phorcensis
1063 4314 1097 4375 (A
1115 4314 1165 4381 5⁵).
1197 4313 1282 4362 11000·

124 4391 222 4471 galium
240 4394 343 4451 scilicet
362 4395 457 4457 bouum
476 4401 601 4453 uuucium
621 4404 653 4453 ab
675 4419 705 4453 cu
725 4401 793 4477 qnod
814 4409 853 4453 est
871 4403 969 4461 bonum
988 4407 1014 4451 01
1026 4401 1149 4474 angelon
1175 4401 1281 4457 nuntius
