2798 4980
665 349 728 416 167

99 537 293 623 simplicem
321 538 548 619 innocentiam,
580 538 638 624 qui
665 559 737 605 sum
758 538 910 620 traditus
940 561 1011 607 sum
1034 541 1193 622 venditus,
1216 564 1279 610 non

97 644 335 725 commonitus,
366 665 431 710 non
453 644 624 729 praevisum
654 647 745 731 cujus
774 645 944 712 consilinm
975 647 1114 731 principi
1140 639 1276 714 bfferen-

96 748 188 816 dnm
230 754 281 816 est
308 748 509 832 publicatum
545 755 721 836 antequam
760 749 915 817 oblatum.
966 752 1049 818 llum
1087 751 1280 819 traditorem

96 854 326 934 sediciosum,
354 860 388 921 et
416 855 541 922 notorie
564 856 717 922 infamem
741 855 1023 937 calumniatorem,
1047 858 1113 943 qui,
1138 879 1211 924 cum
1234 858 1278 923 sit

94 959 245 1027 Judaens
267 959 464 1042 baptizatus,
496 967 531 1027 et
556 961 659 1028 laicus
686 962 877 1046 conjugatus
908 967 1023 1028 contra
1045 984 1097 1028 me
1121 962 1277 1031 Christia-

94 1086 187 1140 num
219 1064 382 1131 hominem
411 1065 533 1133 famose
562 1067 765 1151 praedicavit,
802 1066 986 1134 coadunata
1025 1069 1275 1152 congregatione

94 1168 254 1236 fidelium
267 1169 505 1236 Francosordiae
531 1174 550 1252 ¹,
575 1172 768 1257 contemptis
793 1171 937 1238 ecclesiae
960 1172 1121 1241 mandatis
1146 1180 1179 1240 et
1201 1195 1274 1241 con-

94 1275 348 1355 stitutionibus,
378 1296 451 1341 cnm
481 1275 658 1361 suspitione
690 1276 815 1343 reditus
838 1277 881 1344 ad
903 1279 1058 1344 vomitum
1075 1279 1105 1359 ²,
1136 1300 1192 1345 vos
1215 1301 1273 1345 nn-

94 1381 196 1448 tritis
223 1379 338 1447 fovetis
361 1386 395 1447 et
417 1379 568 1462 laudatis,
592 1383 648 1467 qui
672 1388 839 1449 emunctos
863 1388 896 1449 et
919 1385 1138 1469 emungendos
1147 1454 1151 1462 ,Α
1161 1385 1275 1470 grandi

94 1485 249 1572 pecnnia
270 1485 401 1552 Judaeos
423 1485 456 1550 in
479 1487 543 1552 ista
566 1492 634 1553 tam
657 1486 829 1554 favorabili
853 1508 951 1554 cansa
981 1489 1111 1573 scriptis
1142 1491 1275 1556 notavit.

95 1593 253 1658 Putasne
288 1591 417 1675 piarum
446 1593 573 1658 aurium
603 1615 664 1660 non
690 1593 789 1659 fuerit
813 1591 1015 1674 offensivum,
1045 1595 1131 1680 quod
1164 1618 1216 1662 me
1244 1597 1278 1662 in

96 1697 252 1764 verbulis
282 1696 476 1783 quibusdam
499 1719 616 1782 capere
644 1699 829 1765 concriset
856 1697 1051 1764 detestanda
1083 1721 1184 1783 opera
1213 1723 1277 1767 non

95 1802 327 1870 abomineris?
344 1802 573 1869 -Accederent
593 1804 674 1870 item
696 1811 772 1889 post
794 1824 926 1869 manum
949 1802 1089 1869 validam
1112 1809 1218 1888 potitae
1242 1813 1275 1871 et

96 1908 265 1988 historici,
290 1928 426 1991 quorum
448 1907 508 1974 hoc
531 1914 676 1994 tempore
700 1930 816 1994 magna
832 1908 925 1992 copia
942 1909 1028 1989 vivit,
1053 1911 1108 1994 qui
1125 1931 1175 1975 me
1193 1933 1276 1994 pree-

96 2020 276 2100 ceptorem
300 2013 463 2098 quondam
486 2035 588 2095 suum,
612 2021 649 2081 ut
670 2037 731 2100 par
755 2021 814 2095 est,
837 2021 1042 2094 venerantur,
1067 2015 1124 2100 qui
1146 2022 1271 2083 tantam

98 2119 316 2205 iniquitatem
329 2117 590 2187 adversariorum
598 2127 766 2205 perpetuae
779 2121 948 2187 traderent
964 2121 1126 2186 memoriae
1138 2128 1171 2186 et
1183 2121 1274 2188 iuno·

98 2232 222 2292 center
244 2245 376 2309 passum
399 2245 450 2289 me
474 2225 697 2293 describerent
726 2249 799 2292 cum
822 2227 967 2293 aetherna
990 2227 1146 2312 gymnasii
1169 2228 1269 2293 vestri

97 2329 291 2416 ignominia
336 2329 421 2414 Lege
438 2331 578 2397 Minoem
593 2331 737 2398 Platonis
762 2339 795 2399 et
817 2333 961 2399 invenies
976 2354 1055 2398 vera
1077 2354 1129 2398 me
1150 2333 1270 2399 dicere.

99 2436 211 2520 igitur
238 2434 304 2499 noli
331 2456 404 2502 esse
428 2436 538 2521 justus
560 2437 670 2518 nimis,
698 2438 814 2504 nedem
837 2437 952 2505 caelum
981 2438 1122 2518 tuearis,
1151 2444 1275 2505 terram

100 2541 253 2607 amittas.
299 2540 417 2607 Thales
437 2541 582 2609 Milesius
606 2544 719 2610 caelnln
741 2545 870 2628 aspexit
893 2550 927 2610 ct
948 2544 982 2608 in
1002 2543 1129 2610 foveam
1145 2545 1275 2611 cecidit.

100 2645 182 2712 Filii
205 2644 308 2711 Israel
332 2645 534 2714 Sabbathum
564 2648 617 2714 dei
640 2650 863 2716 custodierunt
886 2656 919 2716 et
950 2648 1035 2715 bello
1063 2650 1233 2734 perierunt
1250 2650 1271 2713 ³.

101 2750 219 2819 Habet
249 2751 382 2836 justicia
409 2752 532 2836 gradus
560 2775 645 2822 suos.
695 2757 789 2821 Hunc
820 2754 1014 2821 versiculum
1047 2776 1129 2838 puer
1161 2755 1274 2820 didici:
1345 2812 1366 2857 ,Ἴ

102 2854 280 2939 Glimpfius
304 2863 355 2924 est
377 2851 479 2941 pluris
503 2881 600 2943 quam
623 2867 694 2926 tota
717 2861 851 2926 scientia
871 2860 970 2927 luris.
1019 2860 1100 2926 Vale
1116 2860 1277 2940 ioeliciter,
1354 2852 1357 2863 '

101 2963 150 3030 ad
182 2978 298 3047 pacem
328 2965 462 3049 pronior
495 2987 592 3051 quam
621 2966 664 3031 ad
697 2965 854 3049 superbas
878 2963 1115 3044 contentiones,
1139 2987 1276 3049 quarum

104 3074 245 3136 autores
274 3070 385 3135 multis
414 3091 500 3153 saepe
534 3071 758 3138 innocentibus
787 3080 862 3138 sunt
884 3070 982 3136 caedis
1006 3069 1141 3136 occasio.
1189 3070 1277 3136 Stut-

102 3175 231 3263 gardia
256 3179 274 3240 5
299 3173 347 3240 Id.
370 3175 516 3242 Martias.
541 3178 600 3242 An.
627 3183 722 3242 1512.

199 3283 363 3346 Gedruckt:
384 3292 398 3347 1
416 3308 458 3341 =
471 3289 499 3348 J.
516 3306 542 3348 v.
555 3305 585 3362 e.
603 3307 618 3347 r
635 3283 673 3347 4¹)
689 3300 733 3362 s⁸;
753 3293 770 3348 2
790 3309 830 3341 =
846 3286 943 3359 Majns
958 3287 977 3344 l.
994 3285 1013 3345 1.
1030 3304 1058 3361 p.
1077 3289 1138 3347 341
1149 3287 1276 3347 hisare.

636 3472 757 3540 CXLV.

180 3559 268 3608 wien.
411 3599 415 3605 .
1034 3559 1142 3626 capro
1167 3562 1242 3612 1512.

411 3631 541 3708 Simon
567 3633 700 3707 Lanius
728 3660 777 3708 an
804 3631 986 3707 Renchlin

208 3782 262 3846 Ra
293 3780 521 3865 augeuspiegel
560 3782 603 3850 ist
642 3805 702 3849 von
737 3782 819 3865 ihm,
866 3803 926 3847 von
960 3781 1099 3847 Thomas
1135 3780 1239 3846 Resch
1256 3782 1278 3860 ⁴,

702 3929 720 3968 ss

182 4024 193 4069 1
216 4004 289 4070 llbcr
308 4017 379 4070 diere
402 4019 506 4087 predigt
526 4020 700 4071 Pfefferkorns
729 4025 742 4070 7
765 4021 836 4087 Sept.
860 4023 924 4071 1511
950 4019 1005 4086 vgl.
1026 4016 1156 4069 Renchlin
1176 4032 1197 4067 s.
1219 4019 1279 4070 255.

102 4116 118 4163 2
140 4109 212 4160 Cum
229 4107 377 4174 suspitione
394 4107 493 4160 reditus
513 4107 546 4159 ad
559 4108 694 4176 vomitum]
715 4109 785 4160 kann
808 4107 944 4159 vielleicht
962 4107 1050 4158 nichts
1069 4105 1163 4156 andero
1175 4102 1280 4170 beiden,

100 4198 145 4250 als
173 4197 242 4261 „arri
256 4194 317 4247 dem
336 4195 381 4246 der
400 4195 526 4248 verdacht
544 4197 613 4259 ruht,
639 4213 670 4247 au
688 4197 746 4248 dem
770 4197 938 4247 verlassenen
961 4194 1079 4262 glauben
1103 4193 1171 4262 [dem
1185 4193 1280 4258 judan·

101 4285 190 4352 tburu]
210 4284 470 4337 auriiclrcnkehren“.
507 4285 682 4337 Beknnntlich
707 4302 760 4336 war
778 4290 865 4352 sptter
885 4290 960 4335 unter
982 4284 1031 4334 den
1050 4283 1216 4335 humanisten
1236 4285 1282 4335 der

100 4373 207 4443 glaube
225 4373 263 4422 im
283 4371 456 4439 allgemeinen
471 4374 620 4437 verbreitet,
639 4373 700 4423 dass
714 4374 877 4425 Psefferkorn
892 4373 987 4424 wieder
1000 4373 1071 4424 dude
1083 4370 1223 4439 geworden
1233 4372 1280 4424 eei.

101 4465 118 4527 3
141 4460 266 4520 amant.
289 4463 312 4530 2,
331 4463 372 4519 38.
440 4463 569 4528 tResch,
591 4463 706 4517 Thomas
726 4463 784 4536 (mit
802 4463 861 4520 dena
881 4461 1019 4548 beinamcn
1034 4459 1218 4533 Valetiacus),
1245 4462 1280 4529 ist
