2798 4980
688 341 730 405 27

110 551 255 612 possem,
280 530 388 596 verbis
405 531 518 595 salt-em
536 529 812 615 qualibuscunque
830 530 952 613 gratias
969 552 1075 612 agere,
1099 550 1287 614 quanquam

112 655 181 698 non
204 635 302 718 plane
326 636 553 718 intelligebam,
578 657 642 720 qua
659 635 785 700 dicendi
803 636 908 726 copiap
929 636 1045 719 quibus
1062 636 1168 699 verbis
1190 634 1288 699 affec-

114 746 188 803 tum
218 742 320 805 animi
348 761 424 823 erga
456 748 488 805 te
511 741 574 804 mei
606 739 773 806 declarare
801 743 988 826 potuissem
1010 763 1080 805 cum
1109 741 1288 824 oonsydero

115 847 182 908 vim
208 851 240 909 et·
263 846 419 911 bonitatis
444 853 508 910 tuae
539 850 571 910 et
599 848 716 911 amoris
748 869 846 932 quam
875 848 907 909 in
931 844 1066 909 mirifica
1089 845 1146 908 illa
1175 847 1214 910 de
1238 868 1289 911 me
1373 853 1377 861 ’

116 951 351 1033 praedicatione
384 951 598 1034 pulcherrime
628 950 803 1016 declarasti
837 973 935 1036 quum
974 951 1125 1015 hesterno
1164 951 1290 1035 vesperi

116 1057 155 1118 τὰ
180 1058 330 1145 προοίμιον
354 1047 544 1144 ἀφροδῆσεως
567 1062 606 1129 εἰς
629 1058 697 1129 τούς
721 1056 859 1145 ἐλέγχους
882 1059 1067 1145 σοφιστικοὺς
1095 1068 1149 1120 τοῦ
1173 1060 1291 1144 ἀριστο-

117 1163 225 1234 τέλους
249 1183 310 1225 non
334 1163 402 1225 sine
426 1160 639 1226 admiratione
663 1161 760 1225 immo
777 1183 849 1226 eum
873 1183 998 1227 summa
1014 1162 1179 1244 voluptate
1196 1162 1291 1226 vidis-

118 1287 174 1330 ses
198 1268 248 1330 καὶ
270 1268 327 1357 γὰρ
344 1266 430 1354 ἔρωτι
445 1267 588 1340 πολλάκις
604 1263 628 1347 ᾧ
644 1268 798 1356 πολύφαμι
813 1267 853 1330 τοὶ
870 1269 910 1355 μὴ
927 1268 1006 1350 aalide
1029 1269 1110 1330 aaliz
1132 1267 1289 1356 πέφκντκι.

119 1373 287 1436 Praeterea
310 1383 363 1445 τῆς
386 1371 609 1462 καλοκαγαθίας
634 1373 717 1462 ἔργον
742 1375 821 1436 ἐστὶν
837 1369 896 1444 οἷος
920 1372 954 1434 ἄν
979 1377 994 1434 ὁ
1018 1363 1156 1460 abaidpog
1172 1373 1290 1461 γένοιτο

119 1477 221 1549 τοιούς
258 1468 291 1540 δὲ
324 1482 432 1541 ἑαυτοῦ
465 1475 540 1540 εἶναι
569 1478 604 1541 ἄν
636 1472 764 1552 εὔξαιτο.
812 1477 882 1541 Tibi
914 1477 1012 1558 igitur
1044 1499 1103 1559 pro
1135 1477 1290 1559 sapientis

120 1603 213 1645 more
237 1583 403 1665 praemium
428 1583 480 1646 sit.
495 1583 596 1646 virtus
619 1589 689 1660 tua,
713 1583 768 1646 ubi
792 1603 864 1646 mea
887 1604 947 1645 non
967 1582 1180 1664 responderit.
1227 1583 1293 1646 lta·

123 1708 190 1770 que
214 1709 319 1751 meum
343 1695 535 1772 perpetuum
567 1688 708 1753 studium
738 1694 770 1752 et
799 1695 944 1751 mutuam
967 1687 1224 1751 benevolentiam
1249 1687 1290 1751 ob

120 1795 312 1856 memoriam
337 1799 400 1857 tuae
425 1794 553 1876 optimae
577 1794 616 1857 de
640 1815 690 1881 me
715 1793 783 1876 spei
807 1793 915 1876 quoad
931 1793 1039 1856 vixero
1057 1813 1219 1875 nunquam
1238 1791 1292 1854 de-

121 1894 351 1962 futuram‘tibi
374 1898 535 1981 polliceor,
560 1898 765 1982 conaborque
789 1899 883 1962 modo
907 1898 990 1962 votis
1014 1898 1137 1980 aspiret
1154 1897 1291 1960 deusne

120 2013 190 2068 tuac
221 2003 307 2085 apud
340 2002 652 2068 Reverendissimum
682 2004 845 2068 dominum
877 2025 1076 2068 communem
1106 2003 1291 2087 episcopum

122 2110 396 2173 Wormaoiensem
411 2109 527 2173 futurae
544 2109 831 2174 commendationis
848 2111 981 2192 ejusque
999 2109 1029 2171 iu
1048 2130 1097 2172 me
1123 2106 1291 2171 beneficio·

120 2237 196 2279 rum
220 2216 337 2298 pigeat.
384 2215 463 2279 Vale
486 2215 592 2295 ,igitur
622 2220 655 2279 et
678 2236 729 2278 me
753 2215 781 2278 si
804 2236 931 2278 mereor
953 2214 1040 2277 illius
1063 2214 1177 2296 gratie
1208 2234 1293 2278 oom-

120 2320 250 2385 meuda.
298 2323 407 2385 Romae
443 2343 482 2385 ex
515 2321 637 2384 aedibus
669 2319 937 2384 Revereudissimi
969 2321 1027 2383 Du.
1056 2318 1238 2384 Cardinalis
1262 2319 1292 2383 S.

122 2428 229 2491 Marci
251 2427 385 2490 Calend.
409 2427 544 2509 Augusti
572 2431 666 2490 1400.
1112 2427 1114 2431 ’

174 2616 182 2621 η
217 2531 1290 2610 1εο.(.6.’671)81;2ε1.ν.6.1ίεᾳ.;3-;0.ν.6,11.161.

122 2637 188 2701 57¹³
205 2659 246 2714 sq.

651 2814 764 2878 XXIV.

197 2905 342 2976 Eicbstadt.
1055 2929 1068 2974 3
1091 2926 1155 2974 Nor.
1180 2927 1255 2973 1490.

119 3039 334 3114 Bernardus
353 3036 565 3112 Adelmann
590 3038 635 3112 de
658 3037 1014 3113 Adolmannsfelden
1037 3064 1087 3109 an
1109 3034 1293 3110 Reuchlin

121 3209 226 3274 dankt
250 3209 302 3274 fiir
326 3209 388 3274 den
412 3210 599 3274 erhaltenen
615 3209 713 3288 brief,
738 3211 828 3275 lcbnt
851 3210 929 3275 aber
947 3210 998 3274 die
1022 3209 1195 3286 vorwiirfe,
1220 3208 1295 3272 dass

122 3340 160 3380 er
184 3317 288 3380 niclrts
313 3314 571 3394 veriiffentlicbe‚
595 3317 654 3380 mit
678 3317 809 3380 hinweis
833 3318 892 3381 auf
909 3318 996 3381 seina
1021 3315 1223 3397 uul'atbiglzeit
1243 3314 1294 3380 ab.

121 3424 185 3488 Die
197 3421 533 3503 Homeriibcrsetzung
551 3422 607 3486 des
623 3423 747 3486 Lorenz
761 3423 854 3486 Valla
868 3423 987 3486 besitze
1005 3444 1040 3485 er
1057 3422 1153 3498 nicht,
1171 3420 1296 3485 sobiokt

122 3527 229 3592 daher
262 3527 324 3589 den
354 3524 472 3608 anfeng
502 3529 590 3590 einer
619 3529 652 3590 in
681 3529 759 3591 llom
793 3527 966 3610 gelmnsten
998 3527 1212 3609 iibersetaung
1239 3526 1296 3591 des

121 3632 282 3698 Nikolaus
306 3632 346 3695 de
373 3631 476 3710 Valle,
508 3632 602 3695 theilt
626 3632 698 3711 mit,
730 3633 805 3697 dass
830 3635 899 3697 eine
925 3633 1032 3697 solcbe
1062 3655 1121 3695 von
1147 3632 1219 3695 dem
1249 3631 1296 3695 bi·

122 3738 220 3805 sohof
240 3739 367 3804 Jobann
391 3760 450 3802 von
476 3738 694 3802 Fiinfkirclrou
719 3738 881 3805 rollendet
905 3740 965 3816 soi,
992 3741 1000 3776 ¹
1027 3737 1090 3800 nud
1122 3737 1218 3800 bittet
1241 3757 1295 3799 um

120 3845 354 3925 iibcrsenduug
374 3844 432 3907 der
457 3843 561 3908 werke
586 3845 642 3908 des
667 3844 925 3928 Clrrysostomus,
972 3843 1088 3906 lNon.
1109 3841 1187 3904 Nou.
1212 3861 1295 3904 anno

123 3956 222 4017 1400.
272 3948 419 4013 aistadii.

216 4059 377 4118 Gedruolrt:
405 4063 420 4116 1
444 4081 486 4112 ::
512 4058 543 4117 0.
566 4077 590 4117 v.
615 4055 772 4131 e.04a·b;
798 4061 919 4117 2:21.
939 4077 964 4116 v.
983 4050 1139 4126 e.c2f¹1b;
1167 4055 1293 4114 3:0¹.

119 4159 431 4227 uessffldfflb

700 4283 718 4320 ,Β
776 4260 781 4269 ,

197 4383 204 4424 1
229 4361 304 4426 11061·
324 4373 396 4422 diosa
416 4373 627 4437 iibersctznngen
647 4372 700 4442 rgl.
723 4371 830 4431 Vahlen,
851 4370 927 4417 Laur.
950 4368 1032 4417 Valla
1051 4382 1140 4430 opusc.
1156 4369 1205 4416 tria
1220 4367 1297 4414 Wien

122 4467 191 4516 1869
212 4483 232 4514 s.
255 4468 285 4514 or
313 4462 354 4511 bis
379 4466 435 4510 127.
