2798 4980
664 335 730 404 258
838 277 847 285 ·

110 538 175 613 tur,
196 531 281 597 iuter
306 547 388 614 quos
410 529 509 594 etiam
531 526 593 611 ipsi
616 533 650 593 et
665 526 848 611 Pepercoru
870 530 905 593 et
920 525 1080 595 Ortuinus
1103 531 1201 608 eraut,
1220 546 1260 594 mc

111 638 264 703 adierunt
296 635 476 719 experturi,
510 632 589 718 quid
623 653 661 697 ea
694 633 728 696 in
758 654 793 697 re
822 632 893 717 ipse
922 631 1134 714 affirmarem,
1161 632 1260 718 quibus

112 744 210 811 etiam
234 742 317 808 alias
341 740 462 818 literas,
494 739 537 803 ad
560 759 611 802 me
635 738 806 805 latiusccle
828 758 889 822 per
917 738 1094 805 Doctorem
1124 739 1259 805 Joannen

112 848 188 913 Wik
210 851 455 932 procuratorem
479 850 571 910 tuum
595 846 749 930 scriptas,
780 843 812 907 in
837 843 974 909 eandem
998 844 1128 911 ostendi
1154 849 1259 910 aaran

112 954 201 1019 tiam.
248 951 326 1030 Quae
349 973 402 1016 res
419 951 466 1014 tui
482 958 639 1029 amantes,
662 970 800 1034 quorum
815 951 918 1034 major
933 949 1076 1016 Colonia
1100 956 1151 1017 est
1170 969 1259 1014 nume

113 1079 185 1137 rus,
217 1078 313 1141 quam
337 1056 447 1122 forsan
471 1057 540 1140 ipse
573 1055 770 1139 speraveris,
799 1055 895 1121 solito
927 1055 1184 1139 aeqniauimiores
1209 1054 1258 1119 ala

115 1164 310 1247 crioresque,
334 1163 415 1228 alios
430 1183 507 1227 vero
522 1161 613 1226 vultu
638 1166 670 1226 et
686 1161 793 1225 animo
810 1159 1033 1244 depressiores
1055 1160 1142 1226 fecit.
1185 1156 1257 1237 Quot

115 1277 225 1334 autem
249 1267 377 1347 scribis,
400 1268 469 1331 lata
491 1287 551 1350 pro
576 1272 607 1330 te
631 1266 848 1332 sententiata
872 1265 1039 1332 Coloniam
1060 1285 1192 1350 peregre
1211 1264 1257 1328 ito·

116 1395 203 1452 rum,
227 1373 270 1438 ad
293 1394 399 1436 meam
429 1372 460 1436 iu
485 1371 595 1455 lingua
627 1392 724 1456 quam
755 1371 851 1437 edere
882 1371 966 1456 coepi
981 1370 1114 1437 chaldia
1149 1367 1257 1436 eruditi-

115 1499 219 1558 onem,
249 1477 424 1562 plnrimum
448 1476 573 1560 gaudeo
598 1477 683 1562 quod
708 1478 903 1543 seutentiam
925 1477 976 1543 vel
999 1479 1070 1562 jam
1094 1476 1202 1555 latam,
1222 1471 1257 1539 vel

115 1584 303 1669 propediem
334 1583 500 1649 serendam
532 1603 636 1667 spero.
684 1583 765 1647 Nam
797 1587 831 1648 et
859 1583 899 1647 D.
930 1581 1003 1648 Wik
1030 1583 1119 1649 inter
1151 1577 1257 1647 aliasd

115 1711 167 1755 me
191 1690 334 1773 scripsit,
365 1688 453 1773 quod
477 1688 664 1754 mandatum
689 1689 729 1754 de
757 1688 999 1773 supersedendo
1016 1690 1045 1769 ¹,
1075 1709 1135 1772 per
1155 1691 1258 1754 contra·

117 1796 202 1861 rimu
229 1816 250 1860 a
274 1795 475 1861 sanctissimo
500 1796 629 1862 domino
657 1801 768 1861 nostro
794 1795 954 1878 signatum
979 1793 1170 1861 mandatum
1189 1788 1259 1878 rejici

119 1903 291 1968 curaverit.
336 1902 379 1966 Et
407 1901 467 1967 nisi
495 1901 782 1967 reverendissimus
809 1900 984 1966 cardinalis
1015 1899 1129 1966 Sancti
1150 1895 1259 1965 Marci¹

117 2029 158 2072 ex
187 2006 285 2086 urbe,
316 2005 373 2071 ubi
403 2007 577 2091 quotannis
600 2005 795 2072 durantibus
818 2005 1027 2090 generalibus
1044 2005 1138 2072 soriis
1167 2002 1260 2075 solitu!

116 2118 183 2190 est,
215 2112 398 2191 secederet,
430 2133 561 2177 causam
591 2119 681 2178 tuam
712 2112 744 2176 iu
774 2111 854 2196 ipsis
883 2111 973 2177 feriis
1012 2132 1072 2196 per
1103 2108 1261 2189 cardinales

116 2216 222 2282 decidi
246 2216 411 2300 sperabat.
456 2217 539 2281 Lata
568 2217 667 2300 igitur
689 2238 750 2301 pro
781 2226 813 2282 tc
837 2218 1017 2297 sententia,
1044 2236 1112 2282 non
1133 2238 1199 2309 me,
1218 2210 1261 2280 ssd

116 2320 284 2387 Coloniam
308 2322 412 2404 ipsam
436 2321 593 2387 accedito.
640 2322 795 2406 injuriam
818 2330 927 2389 tamen
950 2322 1030 2388 mihi
1051 2323 1171 2390 feceris
1191 2316 1261 2386 hand

115 2426 327 2506 mediocrem,
359 2427 420 2491 nisi
453 2427 547 2493 domo
579 2448 669 2508 mea,
693 2429 785 2512 cujus
812 2428 1011 2513 reparationi
1037 2428 1108 2513 jam
1137 2425 1260 2503 intendo,

115 2532 259 2615 hospicio
290 2532 391 2598 fueris
430 2556 517 2599 usus.
570 2535 635 2599 Ero
671 2535 703 2597 iu
739 2541 772 2599 te
804 2534 945 2618 linguam
980 2534 1087 2618 ipsam
1119 2531 1260 2600 chaldiam

114 2636 260 2703 docendo
276 2644 351 2704 tuus
369 2637 591 2718 Barnabauus,
614 2660 676 2703 nou
694 2639 797 2704 solnm
812 2645 988 2721 nocturnus
1005 2638 1063 2704 sod
1080 2645 1115 2705 et
1136 2638 1259 2713 diuruua

114 2742 194 2808 nihil
229 2765 284 2809 eos
313 2750 474 2824 metuens,
505 2745 561 2829 qui
589 2750 622 2810 te
651 2745 726 2811 odio
756 2751 1007 2829 prosequuntur.
1053 2743 1150 2810 Mitto
1180 2743 1259 2809 adtc

115 2847 255 2933 ineptias
273 2849 293 2929 ³,
319 2871 401 2934 quas
424 2850 606 2915 breviante
630 2851 679 2915 tui
706 2850 812 2916 aemuli
835 2850 896 2916 sub
919 2847 1078 2917 vocabulo
1102 2845 1258 2916 Nebulouis

115 2953 202 3020 illius
226 2955 425 3021 Pfefferkorn
450 2955 640 3021 conflarunt.
687 2958 773 3022 Bene
796 2956 877 3036 vale,
901 2955 1006 3022 etuti
1029 2955 1115 3023 soles
1140 2955 1259 3022 redama

116 3060 165 3126 Ex
188 3060 322 3127 Colonia
349 3067 387 3127 13
413 3061 612 3146 Septembris
636 3064 728 3128 Anno
755 3068 849 3128 1516.

206 3170 366 3233 Gedruckt:
386 3195 427 3227 =
444 3174 471 3234 J.
487 3192 514 3233 v.
533 3190 558 3233 e.
574 3190 601 3233 v.
623 3177 650 3233 l.

617 3355 784 3425 CCXXVI.
903 3415 906 3420 .

189 3447 354 3516 sarcapai.
998 3445 1032 3495 aa
1053 3444 1127 3516 sept.
1146 3443 1235 3514 (aare.)

500 3517 674 3594 Erasmus
703 3515 898 3621 Capnioni.

206 3641 285 3708 Cum
325 3644 384 3709 has
419 3645 531 3710 literas
574 3664 742 3728 parassem
787 3641 829 3706 ad
875 3643 1011 3727 primam
1051 3638 1259 3734 γραματοφόρου

115 3748 251 3830 copiam,
275 3750 411 3814 reddita
435 3757 511 3814 sunt
529 3749 718 3832 Antwerpiae
734 3753 797 3814 tua
819 3747 932 3830 literae,
954 3749 1012 3816 scd
1036 3769 1147 3814 meuse
1168 3737 1260 3812 Julio⁴

114 3856 242 3937 scriptae
266 3876 347 3939 quas
372 3877 430 3938 ego
455 3854 497 3919 td
521 3854 617 3920 finem
634 3853 834 3938 Septembris
850 3854 972 3939 accepi,
994 3855 1038 3920 ad
1061 3853 1122 3920 has
1144 3858 1181 3917 nt
1199 3867 1260 3934 psu-

114 3961 252 4030 cissimis
290 3962 514 4048 respondeam.
561 3962 642 4027 Erat
679 3960 810 4044 quidem
847 3960 910 4026 mei
948 3958 1060 4040 officii,
1098 3955 1260 4025 derasum

692 4091 710 4131 *

190 4189 199 4233 1
222 4185 330 4248 Dieaes,
349 4185 419 4249 Aug.
444 4184 522 4243 1516,
549 4181 681 4232 erlassene
706 4179 812 4231 mandat
836 4179 872 4230 ist
897 4193 948 4230 nna
972 4176 1047 4229 nicht
1069 4176 1200 4246 erbalteu3
1220 4167 1262 4239 agi·

115 4268 245 4320 Reuehiin
257 4288 276 4325 s.
291 4275 341 4324 319
355 4274 390 4338 fg.
465 4277 479 4321 1
501 4272 627 4321 Grimani.
701 4272 716 4320 3
735 4268 861 4337 Ineptias]
873 4267 1049 4334 Pfcffcrkorns
1062 4266 1178 4318 defensio
1191 4270 1264 4316 centn

111 4357 235 4410 famosas.
309 4366 324 4412 4
343 4360 430 4432 dulia]
451 4359 499 4410 woi
520 4361 604 4410 tulach
624 4361 665 4409 siit
678 4357 777 4428 Jnui03
796 4373 819 4409 s.
840 4374 863 4409 o.
883 4357 933 4408 den
945 4356 1017 4408 brief
1026 4370 1086 4408 vom
1100 4359 1117 4408 5
1129 4353 1191 4408 duni
1205 4348 1264 4411 1111,

116 4461 171 4498 nro.
194 4447 296 4502 CCXX.
