2798 4980
562 290 713 386 'ss

112 506 207 592 habe,
231 511 297 578 und
319 511 412 593 holle,
435 532 496 579 von
519 511 556 576 R.
580 511 632 576 ein
655 512 822 598 exemplar
847 511 1017 579 derselhen
1050 534 1090 579 zu
1120 512 1280 580 erhalteu.

114 619 312 684 astu&

202 726 366 787 Gedruckt:
392 733 406 787 1
426 728 514 789 :a
532 745 559 787 v.
577 729 702 803 e.cb⁸;
729 732 746 786 2
766 729 851 788 =J.
868 747 895 789 v.
914 733 1038 812 ecta:
1063 733 1081 790 3
1101 728 1195 789 ΞΟ.
1212 748 1239 790 r.
1255 745 1278 790 a.

113 831 205 892 11l01.
226 836 291 895 18⁸.

644 990 756 1057 LXVI.

184 1094 336 1161 Augshurg.
1024 1101 1057 1148 29
1076 1097 1141 1150 Jan.
1168 1101 1247 1152 1499.

157 1206 349 1284 Conradus
368 1208 564 1306 Peutinger
586 1209 597 1256 ¹
621 1208 647 1282 J
649 1208 721 1282 uris
741 1211 929 1310 utriusque
948 1210 1076 1285 doctor
1095 1212 1241 1287 Joanni

385 1331 568 1405 Rcuchliu
585 1331 796 1405 Phorcensi.
837 1332 873 1407 S.
894 1334 939 1406 D.
959 1334 1002 1406 P.

206 1485 283 1564 Quae
308 1485 413 1552 literis
436 1487 501 1552 tuis
524 1486 612 1571 apud
638 1487 779 1553 Fucaros
801 1487 996 1572 inquirenda
1011 1488 1187 1570 mandasti,
1213 1510 1285 1555 oxe-

112 1597 206 1657 cutus
229 1612 300 1656 sum
329 1591 500 1675 diliginter.
547 1593 756 1658 Mercimouia
787 1599 844 1657 tua
868 1594 977 1658 Romae
1001 1599 1111 1678 empta
1134 1616 1197 1679 per
1215 1616 1285 1660 eos-

115 1695 189 1762 dem
213 1696 256 1762 ad
278 1697 433 1763 Nometas
456 1704 585 1763 vectore
608 1699 710 1782 probo
735 1703 768 1763 et
799 1699 929 1782 quidem
953 1698 1150 1783 augustensi
1179 1705 1287 1766 traus-

113 1803 212 1868 missa
245 1809 320 1870 sunt
355 1808 388 1868 et
420 1804 557 1887 cauponi
589 1804 630 1868 ad
657 1803 856 1868 Cantharam
880 1804 1003 1870 tradita
1033 1810 1070 1870 ut
1093 1803 1288 1870 Heidelber-

111 1930 185 1991 gam
208 1907 375 1975 vehantur.
429 1908 529 1993 Spero
565 1915 597 1974 te
627 1931 712 1974 nuuc
736 1931 773 1974 eo
797 1911 912 1975 timore
937 1911 1023 1994 quod
1047 1909 1188 1975 forsitan
1211 1931 1286 1994 per·

112 2014 181 2079 dita
204 2013 361 2079 credebas
383 2013 555 2079 liberatum
572 2032 652 2080 esse.
690 2015 745 2081 Sin
761 2015 866 2081 miuus
890 2015 1003 2081 eadem
1031 2016 1104 2080 istic
1128 2016 1289 2100 reperies.

112 2118 205 2198 Quod
228 2121 374 2204 conjugio
398 2127 509 2184 nostro
532 2119 725 2185 felicitatem
749 2127 860 2204 optas,
891 2142 931 2186 ex
959 2122 1055 2187 solita
1066 2120 1288 2188 humanitatis

112 2231 177 2291 tuae
200 2224 424 2291 benevolentia
446 2225 541 2305 facis,
567 2247 671 2309 quare
696 2225 755 2291 tibi
783 2227 958 2310 plurimum
987 2233 1019 2292 et
1044 2247 1125 2310 quas
1150 2248 1288 2311 possum

113 2331 236 2415 gratias
260 2350 329 2413 age.
374 2331 417 2394 Et
440 2352 502 2415 quo
525 2333 627 2415 magis
656 2332 843 2396 lasciviendi
866 2332 1017 2398 libertate
1040 2332 1177 2398 laxarer
1193 2333 1216 2413 ¹,
1242 2332 1291 2397 in-

113 2436 274 2502 stitutioni
296 2435 410 2501 divinae
434 2458 599 2520 parerem,
631 2436 701 2503 alas
725 2438 869 2521 pressius
892 2460 1036 2522 agerem,
1058 2459 1175 2505 amore
1200 2458 1290 2518 vero,

113 2563 177 2608 non
200 2541 317 2606 fucatis
333 2542 473 2607 susurris
498 2549 530 2607 et
546 2542 719 2608 blandiciis
736 2544 884 2623 viverem,
908 2565 1042 2609 uxorem
1059 2542 1072 2581 ³
1088 2543 1168 2609 duxi
1191 2544 1289 2628 virgi·

113 2668 187 2712 nem
199 2646 296 2731 paulo
309 2647 489 2713 breviorem
502 2670 561 2727 me,
574 2649 717 2714 nondum
731 2671 832 2714 annos
848 2654 896 2712 18.
910 2654 1029 2728 natam,
1041 2648 1197 2732 pudicam
1209 2655 1290 2715 tem-

112 2759 269 2838 peratam,
293 2753 476 2836 pulchram,
500 2754 668 2818 honestam
686 2759 718 2818 ct
741 2753 851 2820 latinis
867 2754 971 2820 literis
995 2754 1204 2838 aliquantum
1229 2755 1290 2821 im-

112 2857 235 2939 butam,
260 2880 331 2943 quas
355 2863 388 2924 et
404 2880 568 2942 nunquam
593 2881 613 2923 a
634 2859 819 2924 domesticis
842 2859 951 2925 rixosa
971 2880 1031 2925 nec
1048 2859 1290 2926 contimeliosa

112 2965 182 3031 visa
205 2972 263 3032 est.
310 2964 360 3029 Ex
383 2965 475 3031 bonis
498 2966 689 3049 parentibus
708 2964 798 3030 urbis
823 2972 942 3030 nostrae
958 2970 1040 3045 orta,
1064 2964 1177 3031 dotem
1193 2964 1287 3032 dedit

113 3070 212 3137 duum
226 3071 363 3137 millium
378 3070 581 3150 florenorum,
605 3071 812 3137 nihilominus
829 3071 945 3137 haeres
967 3071 1087 3150 futura,
1114 3070 1142 3135 si
1166 3071 1288 3136 vixerit

114 3182 287 3260 superstes.
326 3178 396 3242 Deo
419 3178 530 3260 itaque
555 3177 612 3261 Op.
630 3178 714 3242 Max.
739 3179 862 3261 gratias
885 3176 990 3243 habeo
1015 3182 1050 3241 et
1063 3175 1205 3257 habebo,
1229 3176 1287 3261 qui

114 3281 221 3346 studio
244 3286 355 3347 nostro
387 3283 507 3347 sociam
530 3289 563 3347 et
595 3282 753 3348 asseclam
784 3282 1034 3348 familiarissime
1068 3281 1163 3347 nobis
1189 3281 1288 3348 collo

113 3385 203 3452 carit.
236 3384 286 3452 Ad
305 3392 343 3452 12
360 3386 465 3454 kalen.
490 3388 685 3461 Decembres
703 3389 828 3472 nuptiae
843 3388 963 3453 habitae
979 3393 1063 3469 sunt,
1087 3384 1288 3473 domumque

688 3536 705 3574 aa
746 3563 751 3570 ,

187 3624 363 3689 1Peiitinger
385 3629 406 3674 1.
442 3609 516 3676 llber
541 3625 586 3674 ihu
607 3625 660 3691 vgl.
682 3625 769 3687 Veith,
794 3625 914 3675 Historia
938 3625 999 3675 vitae
1025 3630 1104 3690 atque
1130 3625 1288 3676 moritorum

113 3711 228 3765 conradi
246 3712 399 3779 Peutingeri
419 3714 520 3779 Augsb.
550 3717 615 3764 1783
636 3712 688 3763 und
708 3714 755 3763 'l'h.
782 3712 945 3780 Herberger:
971 3712 1075 3763 conrad
1096 3715 1241 3779 l'eutiugar
1258 3714 1287 3762 iu

113 3803 213 3852 seinem
233 3800 306 3851 vsrh.
325 3817 358 3851 uu
376 3801 543 3851 Maximilian
563 3802 575 3850 1
596 3801 696 3868 Augsb.
722 3805 797 3850 1857.
873 3808 886 3852 2
907 3801 1006 3851 lasaret
1027 3805 1050 3851 2.
1125 3804 1139 3851 3
1166 3799 1287 3868 uxorem]

113 3890 283 3956 Margaretha
307 3889 423 3951 Welser,
448 3891 552 3940 tochter
579 3890 623 3940 cles
651 3889 780 3940 Antonius
800 3889 831 3954 (s.
851 3891 890 3958 n.)
910 3888 998 3940 vvurde
1022 3881 1137 3955 geboien
1160 3893 1194 3942 18
1213 3891 1286 3940 Mart

117 3983 193 4028 1481.
232 3981 284 4029 Fiir
307 3977 354 4028 das
379 3978 468 4028 datum
495 3979 539 4028 der
559 3978 660 4028 heirath
684 3980 719 4028 ist
748 3994 828 4028 unser
854 3978 925 4028 briei
945 3978 992 4027 das
1018 3978 1123 4044 einuiga
1149 3978 1285 4045 sanguise.

115 4066 174 4132 Vgl.
194 4065 271 4117 vaith
290 4066 308 4117 l.
329 4081 351 4117 c.
371 4082 392 4116 s.
413 4070 446 4117 30
466 4066 511 4116 der
531 4067 580 4117 deu
598 4067 776 4118 botreffeudeu
802 4068 867 4118 theil
891 4066 937 4117 des
955 4066 1053 4117 briefes
1072 4066 1214 4120 abdruckt.
1250 4067 1287 4119 Μ.

115 4168 169 4202 war
190 4155 248 4202 eine
267 4154 384 4220 gelehrte
405 4155 475 4216 trau,
501 4155 542 4204 ein
560 4156 632 4206 brief
649 4172 699 4204 von
719 4157 760 4205 ihr
778 4172 811 4204 sn
831 4155 905 4205 ihren
924 4154 1022 4206 bruder
1041 4155 1198 4223 Christoph,
1223 4156 1288 4207 vibes

114 4239 283 4290 alterthlimer
300 4242 446 4306 handelnd,
470 4243 506 4292 ist
525 4259 576 4292 von
595 4244 710 4293 Moriens
730 4245 870 4310 herausgg.
891 4245 998 4309 (1778);
1017 4245 1061 4293 ein
1081 4244 1178 4294 Werk=
1206 4244 1286 4295 Liber

114 4329 271 4394 Augustalis
289 4331 345 4379 siva
365 4331 552 4396 compendium
571 4331 687 4381 historiae
706 4335 831 4397 Augustas
849 4334 884 4381 ist
903 4331 1126 4383 haudschriitlich
1149 4334 1181 4383 in
1201 4332 1285 4405 Augs-

114 4415 190 4482 hurg.
228 4417 288 4484 Vgl.
307 4419 384 4486 Zspf,
405 4419 619 4490 Augsburgische
639 4419 787 4488 bibliothelr
808 4419 882 4486 1795,
901 4420 913 4470 1
932 4434 952 4470 s.
976 4422 1025 4472 153
1045 4420 1086 4498 fg.
