2798 4980
664 369 729 434 277

616 657 767 725 GGXLII.

177 744 317 811 stuttgart.
1021 753 1054 800 eo
1075 749 1142 800 suni
1164 753 1239 801 reru.

256 832 284 909 J
285 858 422 908 oannes
449 832 632 909 Reuchlin
660 861 710 909 an
736 834 764 911 J
765 835 827 910 oh.
856 836 888 911 F
887 863 987 911 rana.
1018 838 1128 915 Picus

95 979 275 1060 temnere,
290 985 375 1046 trote
390 979 524 1064 eifrigen
538 979 714 1062 forechens,
731 983 819 1049 seina
835 981 970 1068 anmage
985 984 1067 1051 iiber
1079 984 1131 1051 die
1146 984 1262 1050 hebrai

94 1085 838 1154 sohenrerseniohtbeantuortenaukbnnen.
863 1087 940 1154 Was
952 1110 989 1155 er
1001 1089 1083 1156 iiber
1091 1089 1152 1156 den
1163 1109 1264 1174 gagen

95 1192 204 1259 stand
226 1191 328 1271 wiese,
350 1191 436 1258 habe
460 1191 551 1258 erin
574 1193 679 1259 einem
694 1192 808 1274 werke,
831 1213 874 1260 an
890 1192 965 1259 dem
981 1215 1016 1260 er
1034 1196 1117 1279 jetzt
1138 1192 1274 1275 arbeita,

101 1297 169 1380 „de
181 1296 390 1364 accentibus“
406 1320 437 1364 u.
446 1319 471 1364 s.
484 1299 541 1364 w.¹
557 1298 785 1383 niedergelegt.
802 1298 930 1366 Seltene
946 1298 1137 1366 hebraische
1149 1297 1272 1365 biicher

97 1403 162 1470 die
181 1424 219 1470 er
241 1402 378 1483 besitm,
406 1402 491 1470 habe
514 1405 606 1470 erin
629 1405 751 1471 seinem
774 1405 879 1471 werke
903 1403 943 1470 de
967 1411 1038 1470 arte
1061 1404 1275 1471 cabbalietica

96 1515 263 1595 genennt3
286 1508 370 1575 doch
392 1508 474 1593 gabe
499 1531 534 1576 es
556 1509 610 1576 liir
632 1510 742 1577 solehe
764 1516 862 1577 unter
884 1510 947 1576 den
970 1510 1148 1577 deutschen
1172 1509 1275 1594 judan

96 1615 223 1682 keinen
245 1614 464 1696 absehreiber‚
488 1616 562 1682 weit
585 1606 663 1682 ehe'r
685 1616 780 1682 liesse
804 1616 872 1682 sich
895 1615 990 1682 dafrir
1013 1615 1047 1681 in
1069 1617 1149 1682 Rom
1181 1615 1270 1682 einer

95 1721 223 1788 finden.
268 1720 464 1805 Stutgardiae
486 1722 569 1806 prid.
587 1721 652 1789 cal.
677 1721 835 1803 Quintiles
861 1727 955 1789 1517.

193 1847 357 1909 Gedruckt:
380 1869 422 1903 =
438 1848 465 1908 J.
484 1866 510 1909 v.
528 1863 553 1908 e.
570 1853 584 1908 t
600 1850 629 1908 3.

609 2073 776 2141 coxam.
1244 2120 1247 2125 .

175 2160 349 2214 ortooouren.
1023 2167 1053 2214 m
1073 2164 1144 2228 Aug.
1161 2163 1237 2213 1517.

183 2251 312 2326 Frater
338 2251 518 2327 Nicolaus
532 2250 734 2352 ¹Ellenbog
761 2249 948 2354 Oapnioni
974 2277 1050 2326 suo.
1082 2250 1118 2328 S.
1150 2250 1195 2325 D.

195 2395 338 2464 Colende
366 2405 562 2484 preceptor,
591 2399 692 2468 libros
722 2406 795 2467 tuos
824 2399 1039 2466 Gabalisticos
1074 2419 1113 2464 ea
1148 2396 1272 2482 perlegi
1325 2382 1327 2386 ¹

102 2503 276 2590 diligentia
298 2525 397 2590 quam
418 2511 594 2586 merentur,
617 2505 677 2572 hoc
702 2512 753 2571 est
774 2505 944 2572 maximat
980 2504 1045 2571 Sed
1067 2525 1127 2569 neo
1150 2504 1275 2569 calamo

102 2608 289 2696 exprimere
305 2630 442 2695 possem,
467 2616 589 2696 quanta
603 2612 780 2697 voluptate,
804 2617 928 2696 quanta
943 2610 1042 2675 animi
1058 2608 1275 2675 delectatione

103 2713 296 2782 mellifluum
308 2714 390 2780 illud
402 2721 583 2802 tuumopus
595 2716 737 2801 legerim.
765 2717 816 2780 Dii
824 2716 1013 2800 boni‚quam
1027 2714 1273 2800 elegans‚quam

103 2843 266 2908 pressum,
290 2842 388 2907 quam
404 2822 569 2906 copiosum
594 2829 628 2888 et
650 2843 825 2908 praegnans.
858 2819 1051 2885 Blandiatur
1067 2819 1130 2884 sibi
1146 2818 1272 2884 Gracia

110 2933 399 3015 quantumcunque
414 2927 537 2993 volitet
556 2927 712 2995 bonarum
735 2927 944 2993 scientiarum
967 2923 1273 3009 omniumrepertri-

109 3055 180 3101 eem
194 3039 228 3099 et
243 3033 487 3099 illustratrioem
510 3055 545 3099 so
557 3035 670 3119 jactet,
695 3054 753 3118 ego
776 3039 886 3098 autem
902 3031 1031 3098 Graecos
1048 3052 1121 3096 oum
1137 3029 1272 3096 Platone

108 3162 187 3207 vero
197 3160 316 3225 pueros
328 3139 541 3225 appellandos
552 3139 746 3205 crediderim
755 3138 948 3204 etHebraeos
959 3159 999 3203 ex
1009 3137 1126 3223 quibus
1134 3136 1276 3202 mutuati

106 3252 187 3314 sunt
208 3245 324 3324 omnia,
348 3266 411 3311 non
426 3266 528 3329 parvo
543 3246 714 3312 intervallo
726 3242 931 3330 praetulerim.
955 3243 1039 3309 Vere
1055 3242 1143 3309 salus
1159 3264 1199 3308 ex
1214 3243 1277 3307 Ho-

107 3351 206 3418 braeis
222 3357 256 3416 et
275 3351 379 3417 omnis
405 3351 560 3417 dootrinae
580 3357 613 3416 et
631 3350 842 3437 philosophiae
858 3349 981 3415 fluenta
995 3349 1072 3416 inde
1097 3349 1279 3416 scaturiunt

108 3465 145 3524 et
160 3462 314 3523 emanant
329 3457 503 3522 uberrime.
544 3459 615 3524 Non
631 3478 765 3541 possum
780 3457 861 3523 satis
884 3456 997 3521 mirari
1016 3456 1132 3540 linguae
1155 3461 1276 3521 sanotae

106 3562 302 3648 dignitatem
325 3568 359 3628 et
382 3563 631 3644 cumulandam,
662 3565 753 3649 cujus
776 3562 932 3647 mysteria
954 3561 996 3626 ad
1019 3561 1150 3647 plenum
1173 3561 1280 3645 expie-

105 3670 178 3737 cari
212 3674 386 3754 nequeunt.
438 3670 632 3735 Persuasum
667 3670 762 3755 plane
796 3667 876 3733 mihi
916 3675 967 3734 est
997 3667 1111 3732 literas
1147 3672 1277 3731 sanctas

106 3776 214 3864 primo
238 3775 339 3841 fuisse
367 3774 518 3842 confusas
546 3781 580 3841 et
609 3776 839 3861 inglomeratas
863 3780 896 3839 et
918 3794 977 3857 pro
1007 3777 1105 3856 captu
1137 3770 1277 3855 cujusvis

95 3872 199 3950 ¹docti
221 3902 260 3947 ac
284 3879 421 3947 studiosi
444 3882 504 3947 viri
527 3902 623 3966 posse
647 3901 766 3965 susque
790 3880 894 3962 deque
918 3877 1020 3943 locari
1043 3881 1076 3941 et
1099 3874 1277 3941 combinari

106 3988 152 4057 ad
181 3986 374 4054 fabricanda
407 3987 571 4070 signacula
601 3999 634 4052 et
664 3984 807 4052 eruenda
833 3983 989 4068 mysteria
1017 3978 1278 4066 profundissima.

105 4097 146 4162 In
168 4093 418 4161 admirationem
433 4099 606 4177 praeterea
620 4092 825 4159 immodicam
848 4109 900 4155 me
923 4087 1045 4154 ducunt
1066 4085 1279 4152 Hebraeorum

688 4222 705 4260 a

182 4317 194 4364 l
215 4313 242 4364 S.
268 4317 349 4364 unten
373 4329 430 4364 nro.
456 4313 531 4365 CCL.
605 4318 619 4363 2
640 4312 726 4363 Schon
750 4312 776 4361 in
802 4310 861 4361 dem
886 4308 956 4359 briei
977 4323 1009 4357 an
1037 4307 1102 4358 Joh.
1121 4304 1274 4373 Marquerdi

110 4406 141 4455 12
160 4402 218 4453 Juli
240 4406 320 4464 151⁷,
339 4418 361 4452 a
382 4418 405 4453 a.
424 4419 449 4453 o.
477 4418 516 4469 ep.
537 4403 583 4464 26,
606 4401 652 4452 fol.
675 4403 707 4451 32
732 4399 790 4465 gibt
813 4397 944 4468 Ellenbog
968 4397 1055 4448 seiucr
1077 4395 1276 4463 beuunderung

108 4494 151 4551 ur
169 4492 315 4550 Renchlins
337 4493 408 4548 werla
427 4489 562 4546 lebhalteu
580 4487 718 4544 ausdruck.
