<?xml version="1.0" encoding="UTF-8"?>
<!DOCTYPE html PUBLIC "-//W3C//DTD XHTML 1.0 Transitional//EN"
    "http://www.w3.org/TR/xhtml1/DTD/xhtml1-transitional.dtd">
<html xmlns="http://www.w3.org/1999/xhtml" xml:lang="en" lang="en">
 <head>
  <title>
</title>
<meta http-equiv="Content-Type" content="text/html;charset=utf-8" />
  <meta name='ocr-system' content='tesseract 3.04.00' />
  <meta name='ocr-capabilities' content='ocr_page ocr_carea ocr_par ocr_line ocrx_word'/>
</head>
<body>
  <div class='ocr_page' id='page_1' title='image "./johannreuchlins01reucgoog/johannreuchlins01reucgoog_0209.png"; bbox 0 0 2798 4980; ppageno 0'>
   <div class='ocr_carea' id='block_1_1' title="bbox 677 311 738 377">
    <p class='ocr_par' dir='ltr' id='par_1_1' title="bbox 677 311 738 377">
     <span class='ocr_line' id='line_1_1' title="bbox 677 311 738 377; baseline 0.016 -1"><span class='ocrx_word' id='word_1_1' title='bbox 677 311 738 377; x_wconf 77' lang='lat'>197</span> 
     </span>
    </p>
   </div>
   <div class='ocr_carea' id='block_1_2' title="bbox 109 495 1290 3650">
    <p class='ocr_par' dir='ltr' id='par_1_2' title="bbox 109 495 1287 1411">
     <span class='ocr_line' id='line_1_2' title="bbox 120 495 1286 592; baseline 0.009 -27"><span class='ocrx_word' id='word_1_2' title='bbox 120 498 262 589; x_wconf 83' lang='lat' dir='ltr'>animum</span> <span class='ocrx_word' id='word_1_3' title='bbox 297 519 375 584; x_wconf 88' lang='lat' dir='ltr'>erga</span> <span class='ocrx_word' id='word_1_4' title='bbox 406 520 458 567; x_wconf 90' lang='lat' dir='ltr'>me</span> <span class='ocrx_word' id='word_1_5' title='bbox 491 497 583 566; x_wconf 87' lang='lat' dir='ltr'>ducis</span> <span class='ocrx_word' id='word_1_6' title='bbox 615 501 684 566; x_wconf 83' lang='grc' dir='ltr'>κατ’</span> <span class='ocrx_word' id='word_1_7' title='bbox 708 495 815 592; x_wconf 74' lang='grc' dir='ltr'>ἐξοχὴν</span> <span class='ocrx_word' id='word_1_8' title='bbox 851 502 1002 571; x_wconf 80' lang='lat' dir='ltr'><strong>ostendit.</strong></span> <span class='ocrx_word' id='word_1_9' title='bbox 1049 505 1149 586; x_wconf 86' lang='lat' dir='ltr'>Quem</span> <span class='ocrx_word' id='word_1_10' title='bbox 1173 509 1201 575; x_wconf 90' lang='lat' dir='ltr'>si</span> <span class='ocrx_word' id='word_1_11' title='bbox 1223 531 1286 576; x_wconf 91' lang='lat' dir='ltr'>non</span> 
     </span>
     <span class='ocr_line' id='line_1_3' title="bbox 120 604 1286 690; baseline 0.008 -19"><span class='ocrx_word' id='word_1_12' title='bbox 120 604 304 690; x_wconf 80' lang='lat' dir='ltr'>diligerem,</span> <span class='ocrx_word' id='word_1_13' title='bbox 334 604 431 672; x_wconf 92' lang='lat' dir='ltr'>immo</span> <span class='ocrx_word' id='word_1_14' title='bbox 459 605 487 672; x_wconf 88' lang='lat' dir='ltr'>si</span> <span class='ocrx_word' id='word_1_15' title='bbox 518 626 581 671; x_wconf 92' lang='lat' dir='ltr'>non</span> <span class='ocrx_word' id='word_1_16' title='bbox 604 607 743 674; x_wconf 90' lang='lat' dir='ltr'>maxime</span> <span class='ocrx_word' id='word_1_17' title='bbox 766 628 911 675; x_wconf 89' lang='lat' dir='ltr'>amarem</span> <span class='ocrx_word' id='word_1_18' title='bbox 933 615 967 676; x_wconf 88' lang='lat' dir='ltr'>et</span> <span class='ocrx_word' id='word_1_19' title='bbox 989 631 1054 676; x_wconf 91' lang='lat' dir='ltr'>non</span> <span class='ocrx_word' id='word_1_20' title='bbox 1083 614 1216 679; x_wconf 90' lang='lat' dir='ltr'>maximi</span> <span class='ocrx_word' id='word_1_21' title='bbox 1240 616 1286 680; x_wconf 86' lang='lat' dir='ltr'>la-</span> 
     </span>
     <span class='ocr_line' id='line_1_4' title="bbox 119 711 1287 804; baseline 0.008 -28"><span class='ocrx_word' id='word_1_22' title='bbox 119 731 241 801; x_wconf 86' lang='lat' dir='ltr'>cerem,</span> <span class='ocrx_word' id='word_1_23' title='bbox 272 711 511 796; x_wconf 88' lang='lat' dir='ltr'>ingratissimus</span> <span class='ocrx_word' id='word_1_24' title='bbox 539 717 574 779; x_wconf 88' lang='lat' dir='ltr'>et</span> <span class='ocrx_word' id='word_1_25' title='bbox 603 712 652 778; x_wconf 89' lang='lat' dir='ltr'>tui</span> <span class='ocrx_word' id='word_1_26' title='bbox 680 712 838 780; x_wconf 90' lang='lat' dir='ltr'>absimilis</span> <span class='ocrx_word' id='word_1_27' title='bbox 869 734 939 781; x_wconf 90' lang='lat' dir='ltr'>esse</span> <span class='ocrx_word' id='word_1_28' title='bbox 964 716 1039 800; x_wconf 89' lang='lat' dir='ltr'>jure</span> <span class='ocrx_word' id='word_1_29' title='bbox 1062 717 1183 801; x_wconf 90' lang='lat' dir='ltr'>optimo</span> <span class='ocrx_word' id='word_1_30' title='bbox 1201 719 1287 804; x_wconf 89' lang='lat' dir='ltr'>judi-</span> 
     </span>
     <span class='ocr_line' id='line_1_5' title="bbox 118 817 1286 901; baseline 0.005 -19"><span class='ocrx_word' id='word_1_31' title='bbox 118 838 221 882; x_wconf 87' lang='lat' dir='ltr'>carer.</span> <span class='ocrx_word' id='word_1_32' title='bbox 267 817 336 900; x_wconf 81' lang='lat' dir='ltr'>Ego</span> <span class='ocrx_word' id='word_1_33' title='bbox 359 837 436 883; x_wconf 83' lang='lat' dir='ltr'>vero</span> <span class='ocrx_word' id='word_1_34' title='bbox 459 838 523 883; x_wconf 91' lang='lat' dir='ltr'>non</span> <span class='ocrx_word' id='word_1_35' title='bbox 546 822 675 885; x_wconf 87' lang='lat' dir='ltr'>tantum</span> <span class='ocrx_word' id='word_1_36' title='bbox 699 838 781 901; x_wconf 90' lang='lat' dir='ltr'>amo,</span> <span class='ocrx_word' id='word_1_37' title='bbox 805 841 916 886; x_wconf 88' lang='lat' dir='ltr'>verum</span> <span class='ocrx_word' id='word_1_38' title='bbox 940 820 1039 885; x_wconf 89' lang='lat' dir='ltr'>etiam</span> <span class='ocrx_word' id='word_1_39' title='bbox 1063 821 1200 890; x_wconf 82' lang='lat' dir='ltr'>observo</span> <span class='ocrx_word' id='word_1_40' title='bbox 1216 829 1286 890; x_wconf 89' lang='lat' dir='ltr'>tan·</span> 
     </span>
     <span class='ocr_line' id='line_1_6' title="bbox 117 921 1285 1011; baseline 0.005 -23"><span class='ocrx_word' id='word_1_41' title='bbox 117 929 188 988; x_wconf 85' lang='lat' dir='ltr'>tum</span> <span class='ocrx_word' id='word_1_42' title='bbox 219 921 409 1007; x_wconf 87' lang='lat' dir='ltr'>principem,</span> <span class='ocrx_word' id='word_1_43' title='bbox 442 943 506 1008; x_wconf 76' lang='lat' dir='ltr'>quo</span> <span class='ocrx_word' id='word_1_44' title='bbox 536 922 644 990; x_wconf 89' lang='lat' dir='ltr'>nullus</span> <span class='ocrx_word' id='word_1_45' title='bbox 673 923 705 988; x_wconf 94' lang='lat' dir='ltr'>in</span> <span class='ocrx_word' id='word_1_46' title='bbox 735 924 871 1009; x_wconf 87' lang='lat' dir='ltr'>imperio</span> <span class='ocrx_word' id='word_1_47' title='bbox 902 926 1046 992; x_wconf 86' lang='lat' dir='ltr'>Romano</span> <span class='ocrx_word' id='word_1_48' title='bbox 1069 929 1285 1011; x_wconf 74' lang='lat' dir='ltr'>praestantior,</span> 
     </span>
     <span class='ocr_line' id='line_1_7' title="bbox 109 1025 1285 1117; baseline 0.004 -23"><span class='ocrx_word' id='word_1_49' title='bbox 109 1027 227 1103; x_wconf 66' lang='lat' dir='ltr'>⁸mallus</span> <span class='ocrx_word' id='word_1_50' title='bbox 256 1025 396 1109; x_wconf 63' lang='lat' dir='ltr'>firmior,</span> <span class='ocrx_word' id='word_1_51' title='bbox 423 1027 532 1095; x_wconf 86' lang='lat' dir='ltr'>nullus</span> <span class='ocrx_word' id='word_1_52' title='bbox 561 1028 813 1109; x_wconf 77' lang='lat' dir='ltr'>formidabilior,</span> <span class='ocrx_word' id='word_1_53' title='bbox 837 1031 929 1115; x_wconf 90' lang='lat' dir='ltr'>cujus</span> <span class='ocrx_word' id='word_1_54' title='bbox 954 1051 1024 1116; x_wconf 89' lang='lat' dir='ltr'>ope,</span> <span class='ocrx_word' id='word_1_55' title='bbox 1052 1033 1144 1117; x_wconf 87' lang='lat' dir='ltr'>cujus</span> <span class='ocrx_word' id='word_1_56' title='bbox 1168 1034 1285 1099; x_wconf 90' lang='lat' dir='ltr'>auxilio</span> 
     </span>
     <span class='ocr_line' id='line_1_8' title="bbox 117 1129 1286 1223; baseline 0.004 -24"><span class='ocrx_word' id='word_1_57' title='bbox 117 1129 340 1218; x_wconf 86' lang='lat' dir='ltr'>injustissimis</span> <span class='ocrx_word' id='word_1_58' title='bbox 364 1132 652 1201; x_wconf 82' lang='lat' dir='ltr'>calumniatoribus</span> <span class='ocrx_word' id='word_1_59' title='bbox 674 1134 770 1201; x_wconf 88' lang='lat' dir='ltr'>facile</span> <span class='ocrx_word' id='word_1_60' title='bbox 786 1135 946 1217; x_wconf 86' lang='lat' dir='ltr'>resistam,</span> <span class='ocrx_word' id='word_1_61' title='bbox 970 1136 1146 1204; x_wconf 82' lang='lat' dir='ltr'>accedente</span> <span class='ocrx_word' id='word_1_62' title='bbox 1161 1140 1286 1223; x_wconf 89' lang='lat' dir='ltr'>pariter</span> 
     </span>
     <span class='ocr_line' id='line_1_9' title="bbox 116 1238 1283 1325; baseline 0.004 -19"><span class='ocrx_word' id='word_1_63' title='bbox 116 1238 281 1324; x_wconf 88' lang='lat' dir='ltr'>adjutorio</span> <span class='ocrx_word' id='word_1_64' title='bbox 304 1239 368 1306; x_wconf 92' lang='lat' dir='ltr'>mei</span> <span class='ocrx_word' id='word_1_65' title='bbox 392 1239 511 1307; x_wconf 82' lang='lat' dir='ltr'>ducis1</span> <span class='ocrx_word' id='word_1_66' title='bbox 536 1240 591 1325; x_wconf 92' lang='lat' dir='ltr'>qui</span> <span class='ocrx_word' id='word_1_67' title='bbox 614 1261 665 1306; x_wconf 91' lang='lat' dir='ltr'>me</span> <span class='ocrx_word' id='word_1_68' title='bbox 687 1261 751 1305; x_wconf 91' lang='lat' dir='ltr'>non</span> <span class='ocrx_word' id='word_1_69' title='bbox 775 1240 914 1323; x_wconf 84' lang='lat' dir='ltr'>deseret,</span> <span class='ocrx_word' id='word_1_70' title='bbox 937 1242 996 1308; x_wconf 92' lang='lat' dir='ltr'>sed</span> <span class='ocrx_word' id='word_1_71' title='bbox 1016 1244 1149 1309; x_wconf 91' lang='lat' dir='ltr'>nuncin</span> <span class='ocrx_word' id='word_1_72' title='bbox 1166 1245 1283 1311; x_wconf 87' lang='lat' dir='ltr'>eastris</span> 
     </span>
     <span class='ocr_line' id='line_1_10' title="bbox 117 1344 404 1411; baseline -0.017 0"><span class='ocrx_word' id='word_1_73' title='bbox 117 1349 170 1411; x_wconf 83' lang='lat' dir='ltr'>cst</span> <span class='ocrx_word' id='word_1_74' title='bbox 194 1344 404 1411; x_wconf 82' lang='lat' dir='ltr'>Coesareanis.</span> 
     </span>
    </p>

    <p class='ocr_par' dir='ltr' id='par_1_3' title="bbox 111 1449 1286 2698">
     <span class='ocr_line' id='line_1_11' title="bbox 208 1449 1280 1543; baseline 0.004 -26"><span class='ocrx_word' id='word_1_75' title='bbox 208 1450 284 1543; x_wconf 84' lang='lat' dir='ltr'>Fuit</span> <span class='ocrx_word' id='word_1_76' title='bbox 306 1451 403 1534; x_wconf 89' lang='lat' dir='ltr'>igitur</span> <span class='ocrx_word' id='word_1_77' title='bbox 426 1449 520 1519; x_wconf 87' lang='lat' dir='ltr'>officii</span> <span class='ocrx_word' id='word_1_78' title='bbox 541 1449 605 1516; x_wconf 89' lang='lat' dir='ltr'>mei</span> <span class='ocrx_word' id='word_1_79' title='bbox 637 1455 765 1536; x_wconf 74' lang='lat' dir='ltr'>gratim</span> <span class='ocrx_word' id='word_1_80' title='bbox 795 1472 846 1518; x_wconf 91' lang='lat' dir='ltr'>me</span> <span class='ocrx_word' id='word_1_81' title='bbox 868 1452 1033 1520; x_wconf 85' lang='lat' dir='ltr'>Friderico</span> <span class='ocrx_word' id='word_1_82' title='bbox 1056 1461 1168 1521; x_wconf 88' lang='lat' dir='ltr'>nostro</span> <span class='ocrx_word' id='word_1_83' title='bbox 1194 1456 1280 1522; x_wconf 90' lang='lat' dir='ltr'>exhi-</span> 
     </span>
     <span class='ocr_line' id='line_1_12' title="bbox 117 1553 1282 1640; baseline 0.003 -18"><span class='ocrx_word' id='word_1_84' title='bbox 117 1554 216 1635; x_wconf 88' lang='lat' dir='ltr'>bere,</span> <span class='ocrx_word' id='word_1_85' title='bbox 248 1555 339 1640; x_wconf 89' lang='lat' dir='ltr'>cujus</span> <span class='ocrx_word' id='word_1_86' title='bbox 374 1553 607 1640; x_wconf 83' lang='lat' dir='ltr'>pollicitatione</span> <span class='ocrx_word' id='word_1_87' title='bbox 640 1557 728 1622; x_wconf 90' lang='lat' dir='ltr'>haud</span> <span class='ocrx_word' id='word_1_88' title='bbox 764 1556 972 1624; x_wconf 87' lang='lat' dir='ltr'>mediocriter</span> <span class='ocrx_word' id='word_1_89' title='bbox 994 1557 1178 1626; x_wconf 87' lang='lat' dir='ltr'>delectatus</span> <span class='ocrx_word' id='word_1_90' title='bbox 1202 1582 1282 1626; x_wconf 92' lang='lat' dir='ltr'>sum.</span> 
     </span>
     <span class='ocr_line' id='line_1_13' title="bbox 117 1658 1286 1745; baseline 0.004 -19"><span class='ocrx_word' id='word_1_91' title='bbox 117 1659 205 1726; x_wconf 87' lang='lat' dir='ltr'>Nam</span> <span class='ocrx_word' id='word_1_92' title='bbox 228 1658 406 1725; x_wconf 78' lang='lat' dir='ltr'>Mutiano²</span> <span class='ocrx_word' id='word_1_93' title='bbox 428 1658 475 1725; x_wconf 93' lang='lat' dir='ltr'>illi</span> <span class='ocrx_word' id='word_1_94' title='bbox 498 1659 667 1745; x_wconf 85' lang='lat' dir='ltr'>utriusque</span> <span class='ocrx_word' id='word_1_95' title='bbox 690 1667 835 1728; x_wconf 88' lang='lat' dir='ltr'>nostrum</span> <span class='ocrx_word' id='word_1_96' title='bbox 858 1663 1079 1729; x_wconf 85' lang='lat' dir='ltr'>amantissimo</span> <span class='ocrx_word' id='word_1_97' title='bbox 1102 1663 1170 1729; x_wconf 88' lang='lat' dir='ltr'>haec</span> <span class='ocrx_word' id='word_1_98' title='bbox 1186 1665 1286 1731; x_wconf 86' lang='lat' dir='ltr'>verba</span> 
     </span>
     <span class='ocr_line' id='line_1_14' title="bbox 121 1764 1285 1846; baseline 0.003 -15"><span class='ocrx_word' id='word_1_99' title='bbox 121 1765 220 1831; x_wconf 84' lang='lat' dir='ltr'>dixit:</span> <span class='ocrx_word' id='word_1_100' title='bbox 249 1765 311 1846; x_wconf 84' lang='lat' dir='ltr'>,So</span> <span class='ocrx_word' id='word_1_101' title='bbox 326 1764 450 1832; x_wconf 89' lang='lat' dir='ltr'>hallten</span> <span class='ocrx_word' id='word_1_102' title='bbox 466 1765 524 1830; x_wconf 87' lang='lat' dir='ltr'>wir</span> <span class='ocrx_word' id='word_1_103' title='bbox 539 1765 622 1832; x_wconf 89' lang='lat' dir='ltr'>auch</span> <span class='ocrx_word' id='word_1_104' title='bbox 638 1766 795 1832; x_wconf 88' lang='lat' dir='ltr'>Reuchlin</span> <span class='ocrx_word' id='word_1_105' title='bbox 810 1766 863 1833; x_wconf 84' lang='lat' dir='ltr'>liir</span> <span class='ocrx_word' id='word_1_106' title='bbox 878 1767 973 1833; x_wconf 82' lang='lat' dir='ltr'>einen</span> <span class='ocrx_word' id='word_1_107' title='bbox 988 1766 1285 1835; x_wconf 86' lang='lat' dir='ltr'>fiirtreffennliohen</span> 
     </span>
     <span class='ocr_line' id='line_1_15' title="bbox 115 1869 1283 1952; baseline 0.003 -16"><span class='ocrx_word' id='word_1_108' title='bbox 115 1892 236 1952; x_wconf 91' lang='lat' dir='ltr'>mann,</span> <span class='ocrx_word' id='word_1_109' title='bbox 268 1869 357 1936; x_wconf 85' lang='lat' dir='ltr'>nand</span> <span class='ocrx_word' id='word_1_110' title='bbox 388 1870 503 1937; x_wconf 80' lang='lat' dir='ltr'>wellen</span> <span class='ocrx_word' id='word_1_111' title='bbox 527 1872 583 1936; x_wconf 92' lang='lat' dir='ltr'>Ine</span> <span class='ocrx_word' id='word_1_112' title='bbox 615 1871 664 1937; x_wconf 92' lang='lat' dir='ltr'>nit</span> <span class='ocrx_word' id='word_1_113' title='bbox 695 1872 793 1937; x_wconf 84' lang='lat' dir='ltr'>laben</span> <span class='ocrx_word' id='word_1_114' title='bbox 825 1871 1026 1939; x_wconf 84' lang='lat' dir='ltr'>hinniehen“.</span> <span class='ocrx_word' id='word_1_115' title='bbox 1072 1873 1137 1940; x_wconf 87' lang='lat' dir='ltr'>Sed</span> <span class='ocrx_word' id='word_1_116' title='bbox 1158 1873 1192 1938; x_wconf 94' lang='lat' dir='ltr'>in</span> <span class='ocrx_word' id='word_1_117' title='bbox 1215 1880 1283 1939; x_wconf 85' lang='lat' dir='ltr'>tam</span> 
     </span>
     <span class='ocr_line' id='line_1_16' title="bbox 116 1976 1286 2064; baseline 0.001 -20"><span class='ocrx_word' id='word_1_118' title='bbox 116 1976 209 2044; x_wconf 87' lang='lat' dir='ltr'>brevi</span> <span class='ocrx_word' id='word_1_119' title='bbox 232 1982 378 2061; x_wconf 91' lang='lat' dir='ltr'>tempore</span> <span class='ocrx_word' id='word_1_120' title='bbox 401 1976 487 2042; x_wconf 88' lang='lat' dir='ltr'>inter</span> <span class='ocrx_word' id='word_1_121' title='bbox 509 1982 559 2042; x_wconf 88' lang='lat' dir='ltr'>tot</span> <span class='ocrx_word' id='word_1_122' title='bbox 581 1976 747 2042; x_wconf 91' lang='lat' dir='ltr'>molestias</span> <span class='ocrx_word' id='word_1_123' title='bbox 771 1999 931 2064; x_wconf 89' lang='lat' dir='ltr'>curasque</span> <span class='ocrx_word' id='word_1_124' title='bbox 955 1977 1034 2064; x_wconf 90' lang='lat' dir='ltr'>quid</span> <span class='ocrx_word' id='word_1_125' title='bbox 1048 1999 1177 2063; x_wconf 89' lang='lat' dir='ltr'>possem</span> <span class='ocrx_word' id='word_1_126' title='bbox 1199 1979 1286 2064; x_wconf 83' lang='lat' dir='ltr'>digni</span> 
     </span>
     <span class='ocr_line' id='line_1_17' title="bbox 115 2081 1285 2177; baseline 0.003 -29"><span class='ocrx_word' id='word_1_127' title='bbox 115 2082 263 2148; x_wconf 89' lang='lat' dir='ltr'>muneris</span> <span class='ocrx_word' id='word_1_128' title='bbox 286 2081 492 2148; x_wconf 80' lang='lat' dir='ltr'>retribuere?</span> <span class='ocrx_word' id='word_1_129' title='bbox 523 2103 595 2147; x_wconf 90' lang='lat' dir='ltr'>cum</span> <span class='ocrx_word' id='word_1_130' title='bbox 623 2083 691 2167; x_wconf 85' lang='lat' dir='ltr'>jam</span> <span class='ocrx_word' id='word_1_131' title='bbox 726 2087 803 2168; x_wconf 87' lang='lat' dir='ltr'>toga</span> <span class='ocrx_word' id='word_1_132' title='bbox 832 2083 929 2150; x_wconf 86' lang='lat' dir='ltr'>cedat</span> <span class='ocrx_word' id='word_1_133' title='bbox 950 2084 1068 2177; x_wconf 88' lang='lat' dir='ltr'>armis,</span> <span class='ocrx_word' id='word_1_134' title='bbox 1099 2105 1164 2150; x_wconf 89' lang='lat' dir='ltr'>non</span> <span class='ocrx_word' id='word_1_135' title='bbox 1193 2106 1285 2151; x_wconf 87' lang='lat' dir='ltr'>arma</span> 
     </span>
     <span class='ocr_line' id='line_1_18' title="bbox 116 2187 1283 2277; baseline 0 -21"><span class='ocrx_word' id='word_1_136' title='bbox 116 2195 214 2274; x_wconf 85' lang='lat' dir='ltr'>togae,</span> <span class='ocrx_word' id='word_1_137' title='bbox 238 2188 301 2255; x_wconf 89' lang='lat' dir='ltr'>nisi</span> <span class='ocrx_word' id='word_1_138' title='bbox 323 2187 447 2274; x_wconf 89' lang='lat' dir='ltr'>aliquid</span> <span class='ocrx_word' id='word_1_139' title='bbox 470 2195 755 2277; x_wconf 84' lang='lat' dir='ltr'>quantumcunque</span> <span class='ocrx_word' id='word_1_140' title='bbox 787 2189 946 2256; x_wconf 90' lang='lat' dir='ltr'>minutum</span> <span class='ocrx_word' id='word_1_141' title='bbox 969 2189 1134 2272; x_wconf 87' lang='lat' dir='ltr'>chartario</span> <span class='ocrx_word' id='word_1_142' title='bbox 1158 2189 1283 2256; x_wconf 88' lang='lat' dir='ltr'>calamo</span> 
     </span>
     <span class='ocr_line' id='line_1_19' title="bbox 115 2292 1285 2379; baseline 0.002 -18"><span class='ocrx_word' id='word_1_143' title='bbox 115 2293 287 2373; x_wconf 88' lang='lat' dir='ltr'>excudam,</span> <span class='ocrx_word' id='word_1_144' title='bbox 311 2316 376 2379; x_wconf 93' lang='lat' dir='ltr'>quo</span> <span class='ocrx_word' id='word_1_145' title='bbox 398 2300 513 2379; x_wconf 85' lang='lat' dir='ltr'>pateat</span> <span class='ocrx_word' id='word_1_146' title='bbox 534 2315 587 2359; x_wconf 89' lang='lat' dir='ltr'>me</span> <span class='ocrx_word' id='word_1_147' title='bbox 603 2292 767 2361; x_wconf 88' lang='lat' dir='ltr'>beneficiis</span> <span class='ocrx_word' id='word_1_148' title='bbox 788 2295 964 2377; x_wconf 90' lang='lat' dir='ltr'>incensum,</span> <span class='ocrx_word' id='word_1_149' title='bbox 987 2295 1144 2362; x_wconf 87' lang='lat' dir='ltr'>Frideriei</span> <span class='ocrx_word' id='word_1_150' title='bbox 1160 2317 1285 2363; x_wconf 88' lang='lat' dir='ltr'>summa</span> 
     </span>
     <span class='ocr_line' id='line_1_20' title="bbox 114 2398 1285 2485; baseline 0 -19"><span class='ocrx_word' id='word_1_151' title='bbox 114 2401 239 2467; x_wconf 85' lang='lat' dir='ltr'>virtute</span> <span class='ocrx_word' id='word_1_152' title='bbox 262 2399 417 2484; x_wconf 85' lang='lat' dir='ltr'>principis</span> <span class='ocrx_word' id='word_1_153' title='bbox 440 2398 574 2485; x_wconf 80' lang='lat' dir='ltr'>gloriam</span> <span class='ocrx_word' id='word_1_154' title='bbox 598 2399 724 2481; x_wconf 85' lang='lat' dir='ltr'>ardere,</span> <span class='ocrx_word' id='word_1_155' title='bbox 749 2421 787 2465; x_wconf 89' lang='lat' dir='ltr'>ac</span> <span class='ocrx_word' id='word_1_156' title='bbox 810 2420 927 2466; x_wconf 90' lang='lat' dir='ltr'>nomeu</span> <span class='ocrx_word' id='word_1_157' title='bbox 950 2400 1070 2482; x_wconf 85' lang='lat' dir='ltr'>colere,</span> <span class='ocrx_word' id='word_1_158' title='bbox 1101 2401 1285 2468; x_wconf 89' lang='lat' dir='ltr'>colendum-</span> 
     </span>
     <span class='ocr_line' id='line_1_21' title="bbox 112 2505 1285 2592; baseline 0 -20"><span class='ocrx_word' id='word_1_159' title='bbox 112 2528 178 2592; x_wconf 90' lang='lat' dir='ltr'>que</span> <span class='ocrx_word' id='word_1_160' title='bbox 209 2505 358 2572; x_wconf 87' lang='lat' dir='ltr'>omnibus</span> <span class='ocrx_word' id='word_1_161' title='bbox 387 2505 555 2587; x_wconf 89' lang='lat' dir='ltr'>exhibere,</span> <span class='ocrx_word' id='word_1_162' title='bbox 579 2505 715 2590; x_wconf 84' lang='lat' dir='ltr'>propter</span> <span class='ocrx_word' id='word_1_163' title='bbox 739 2527 833 2591; x_wconf 91' lang='lat' dir='ltr'>quem</span> <span class='ocrx_word' id='word_1_164' title='bbox 858 2511 891 2570; x_wconf 91' lang='lat' dir='ltr'>et</span> <span class='ocrx_word' id='word_1_165' title='bbox 913 2507 1098 2591; x_wconf 88' lang='lat' dir='ltr'>prosapiam</span> <span class='ocrx_word' id='word_1_166' title='bbox 1123 2507 1285 2574; x_wconf 85' lang='lat' dir='ltr'>Saxonum</span> 
     </span>
     <span class='ocr_line' id='line_1_22' title="bbox 111 2611 1240 2698; baseline -0.002 -20"><span class='ocrx_word' id='word_1_167' title='bbox 111 2611 322 2698; x_wconf 88' lang='lat' dir='ltr'>patriamque</span> <span class='ocrx_word' id='word_1_168' title='bbox 346 2611 523 2696; x_wconf 86' lang='lat' dir='ltr'>Mysiorum</span> <span class='ocrx_word' id='word_1_169' title='bbox 547 2617 581 2677; x_wconf 88' lang='lat' dir='ltr'>et</span> <span class='ocrx_word' id='word_1_170' title='bbox 604 2611 837 2697; x_wconf 83' lang='lat' dir='ltr'>Tyregetarum</span> <span class='ocrx_word' id='word_1_171' title='bbox 859 2611 996 2695; x_wconf 89' lang='lat' dir='ltr'>populos</span> <span class='ocrx_word' id='word_1_172' title='bbox 1020 2611 1201 2678; x_wconf 80' lang='lat' dir='ltr'>collaudem</span> <span class='ocrx_word' id='word_1_173' title='bbox 1219 2611 1240 2676; x_wconf 78' lang='lat'>³.</span> 
     </span>
    </p>

    <p class='ocr_par' dir='ltr' id='par_1_4' title="bbox 112 2713 1290 3650">
     <span class='ocr_line' id='line_1_23' title="bbox 204 2713 1286 2801; baseline -0.001 -18"><span class='ocrx_word' id='word_1_174' title='bbox 204 2718 299 2783; x_wconf 90' lang='lat' dir='ltr'>Hunc</span> <span class='ocrx_word' id='word_1_175' title='bbox 327 2716 427 2801; x_wconf 89' lang='lat' dir='ltr'>igitur</span> <span class='ocrx_word' id='word_1_176' title='bbox 454 2715 600 2782; x_wconf 90' lang='lat' dir='ltr'>libellum</span> <span class='ocrx_word' id='word_1_177' title='bbox 629 2723 793 2800; x_wconf 86' lang='lat' dir='ltr'>utcunque</span> <span class='ocrx_word' id='word_1_178' title='bbox 820 2713 917 2800; x_wconf 84' lang='lat' dir='ltr'>&#39;potui</span> <span class='ocrx_word' id='word_1_179' title='bbox 941 2715 1064 2800; x_wconf 81' lang='lat' dir='ltr'>exiguis</span> <span class='ocrx_word' id='word_1_180' title='bbox 1088 2714 1286 2782; x_wconf 88' lang='lat' dir='ltr'>lucubratio-</span> 
     </span>
     <span class='ocr_line' id='line_1_24' title="bbox 112 2820 1286 2908; baseline -0.004 -17"><span class='ocrx_word' id='word_1_181' title='bbox 112 2823 212 2891; x_wconf 86' lang='lat' dir='ltr'>nibus</span> <span class='ocrx_word' id='word_1_182' title='bbox 242 2821 347 2904; x_wconf 88' lang='lat' dir='ltr'>edidi,</span> <span class='ocrx_word' id='word_1_183' title='bbox 382 2844 478 2908; x_wconf 90' lang='lat' dir='ltr'>quem</span> <span class='ocrx_word' id='word_1_184' title='bbox 511 2821 554 2888; x_wconf 89' lang='lat' dir='ltr'>ad</span> <span class='ocrx_word' id='word_1_185' title='bbox 578 2827 610 2888; x_wconf 88' lang='lat' dir='ltr'>te</span> <span class='ocrx_word' id='word_1_186' title='bbox 633 2823 746 2901; x_wconf 84' lang='lat' dir='ltr'>mitto,</span> <span class='ocrx_word' id='word_1_187' title='bbox 775 2827 820 2886; x_wconf 50' lang='lat' dir='ltr'>¹ut</span> <span class='ocrx_word' id='word_1_188' title='bbox 854 2826 887 2886; x_wconf 89' lang='lat' dir='ltr'>et</span> <span class='ocrx_word' id='word_1_189' title='bbox 917 2820 1005 2904; x_wconf 91' lang='lat' dir='ltr'>legas</span> <span class='ocrx_word' id='word_1_190' title='bbox 1036 2827 1070 2886; x_wconf 90' lang='lat' dir='ltr'>et</span> <span class='ocrx_word' id='word_1_191' title='bbox 1101 2820 1178 2905; x_wconf 93' lang='lat' dir='ltr'>quid</span> <span class='ocrx_word' id='word_1_192' title='bbox 1208 2822 1286 2886; x_wconf 91' lang='lat' dir='ltr'>insit</span> 
     </span>
     <span class='ocr_line' id='line_1_25' title="bbox 112 2923 1287 3015; baseline -0.004 -20"><span class='ocrx_word' id='word_1_193' title='bbox 112 2928 256 3015; x_wconf 89' lang='lat' dir='ltr'>principi</span> <span class='ocrx_word' id='word_1_194' title='bbox 279 2929 442 2995; x_wconf 90' lang='lat' dir='ltr'>ostendas.</span> <span class='ocrx_word' id='word_1_195' title='bbox 488 2928 583 2994; x_wconf 83' lang='lat' dir='ltr'>Mitto</span> <span class='ocrx_word' id='word_1_196' title='bbox 610 2928 708 2993; x_wconf 89' lang='lat' dir='ltr'>etiam</span> <span class='ocrx_word' id='word_1_197' title='bbox 734 2925 872 2992; x_wconf 83' lang='lat' dir='ltr'>Caesaris</span> <span class='ocrx_word' id='word_1_198' title='bbox 889 2923 1079 2991; x_wconf 86' lang='lat' dir='ltr'>Mandatum</span> <span class='ocrx_word' id='word_1_199' title='bbox 1102 2926 1135 3004; x_wconf 86' lang='lat' dir='ltr'>in</span> <span class='ocrx_word' id='word_1_200' title='bbox 1159 2946 1223 3010; x_wconf 90' lang='lat' dir='ltr'>quo</span> <span class='ocrx_word' id='word_1_201' title='bbox 1247 2947 1287 2990; x_wconf 89' lang='lat' dir='ltr'>ex</span> 
     </span>
     <span class='ocr_line' id='line_1_26' title="bbox 113 3029 1286 3119; baseline -0.007 -16"><span class='ocrx_word' id='word_1_202' title='bbox 113 3034 206 3103; x_wconf 91' lang='lat' dir='ltr'>omni</span> <span class='ocrx_word' id='word_1_203' title='bbox 227 3040 323 3119; x_wconf 87' lang='lat' dir='ltr'>parte</span> <span class='ocrx_word' id='word_1_204' title='bbox 345 3034 432 3100; x_wconf 89' lang='lat' dir='ltr'>inter</span> <span class='ocrx_word' id='word_1_205' title='bbox 454 3055 513 3099; x_wconf 86' lang='lat' dir='ltr'>nos</span> <span class='ocrx_word' id='word_1_206' title='bbox 536 3054 651 3118; x_wconf 89' lang='lat' dir='ltr'>pacem</span> <span class='ocrx_word' id='word_1_207' title='bbox 674 3034 816 3117; x_wconf 87' lang='lat' dir='ltr'>imperat</span> <span class='ocrx_word' id='word_1_208' title='bbox 840 3037 874 3096; x_wconf 85' lang='lat' dir='ltr'>et</span> <span class='ocrx_word' id='word_1_209' title='bbox 897 3029 1067 3097; x_wconf 89' lang='lat' dir='ltr'>silentium.</span> <span class='ocrx_word' id='word_1_210' title='bbox 1114 3031 1157 3095; x_wconf 84' lang='lat' dir='ltr'>At</span> <span class='ocrx_word' id='word_1_211' title='bbox 1187 3052 1286 3116; x_wconf 90' lang='lat' dir='ltr'>quum</span> 
     </span>
     <span class='ocr_line' id='line_1_27' title="bbox 112 3135 1285 3224; baseline -0.006 -17"><span class='ocrx_word' id='word_1_212' title='bbox 112 3140 177 3208; x_wconf 91' lang='lat' dir='ltr'>soli</span> <span class='ocrx_word' id='word_1_213' title='bbox 206 3139 359 3206; x_wconf 89' lang='lat' dir='ltr'>ductores</span> <span class='ocrx_word' id='word_1_214' title='bbox 395 3139 472 3205; x_wconf 90' lang='lat' dir='ltr'>belli</span> <span class='ocrx_word' id='word_1_215' title='bbox 507 3139 669 3224; x_wconf 87' lang='lat' dir='ltr'>expressis</span> <span class='ocrx_word' id='word_1_216' title='bbox 704 3139 736 3202; x_wconf 93' lang='lat' dir='ltr'>in</span> <span class='ocrx_word' id='word_1_217' title='bbox 774 3136 887 3204; x_wconf 91' lang='lat' dir='ltr'>eodem</span> <span class='ocrx_word' id='word_1_218' title='bbox 921 3135 1028 3201; x_wconf 88' lang='lat' dir='ltr'>verbis</span> <span class='ocrx_word' id='word_1_219' title='bbox 1060 3135 1285 3202; x_wconf 87' lang='lat' dir='ltr'>nominantur:</span> 
     </span>
     <span class='ocr_line' id='line_1_28' title="bbox 112 3240 1288 3327; baseline -0.005 -13"><span class='ocrx_word' id='word_1_220' title='bbox 112 3244 328 3325; x_wconf 85' lang='lat' dir='ltr'>Pfefferkorn,</span> <span class='ocrx_word' id='word_1_221' title='bbox 352 3243 514 3311; x_wconf 86' lang='lat' dir='ltr'>Arnoldus</span> <span class='ocrx_word' id='word_1_222' title='bbox 539 3252 572 3311; x_wconf 85' lang='lat' dir='ltr'>et</span> <span class='ocrx_word' id='word_1_223' title='bbox 596 3244 762 3324; x_wconf 85' lang='lat' dir='ltr'>Reuehiin,</span> <span class='ocrx_word' id='word_1_224' title='bbox 786 3265 843 3310; x_wconf 90' lang='lat' dir='ltr'>oro</span> <span class='ocrx_word' id='word_1_225' title='bbox 866 3248 903 3309; x_wconf 90' lang='lat' dir='ltr'>ut</span> <span class='ocrx_word' id='word_1_226' title='bbox 926 3240 1096 3326; x_wconf 79' lang='lat' dir='ltr'>diligenter</span> <span class='ocrx_word' id='word_1_227' title='bbox 1119 3241 1208 3327; x_wconf 89' lang='lat' dir='ltr'>apud</span> <span class='ocrx_word' id='word_1_228' title='bbox 1231 3240 1288 3308; x_wconf 92' lang='lat' dir='ltr'>du-</span> 
     </span>
     <span class='ocr_line' id='line_1_29' title="bbox 113 3346 1289 3435; baseline -0.003 -17"><span class='ocrx_word' id='word_1_229' title='bbox 113 3373 189 3418; x_wconf 90' lang='lat' dir='ltr'>cem</span> <span class='ocrx_word' id='word_1_230' title='bbox 210 3351 332 3431; x_wconf 89' lang='lat' dir='ltr'>instes,</span> <span class='ocrx_word' id='word_1_231' title='bbox 368 3372 427 3417; x_wconf 89' lang='lat' dir='ltr'>sua</span> <span class='ocrx_word' id='word_1_232' title='bbox 461 3348 781 3435; x_wconf 89' lang='lat' dir='ltr'>magnificentissima</span> <span class='ocrx_word' id='word_1_233' title='bbox 814 3347 990 3416; x_wconf 86' lang='lat' dir='ltr'>dominatio</span> <span class='ocrx_word' id='word_1_234' title='bbox 1021 3346 1172 3432; x_wconf 89' lang='lat' dir='ltr'>dignetur</span> <span class='ocrx_word' id='word_1_235' title='bbox 1201 3348 1289 3433; x_wconf 92' lang='lat' dir='ltr'>apud</span> 
     </span>
     <span class='ocr_line' id='line_1_30' title="bbox 112 3454 1290 3541; baseline -0.003 -17"><span class='ocrx_word' id='word_1_236' title='bbox 112 3460 352 3541; x_wconf 85' lang='lat' dir='ltr'>Imperatorem</span> <span class='ocrx_word' id='word_1_237' title='bbox 367 3477 465 3541; x_wconf 90' lang='lat' dir='ltr'>super</span> <span class='ocrx_word' id='word_1_238' title='bbox 482 3470 520 3524; x_wconf 86' lang='lat' dir='ltr'>eo</span> <span class='ocrx_word' id='word_1_239' title='bbox 532 3455 687 3522; x_wconf 88' lang='lat' dir='ltr'>mandato</span> <span class='ocrx_word' id='word_1_240' title='bbox 697 3455 950 3522; x_wconf 87' lang='lat' dir='ltr'>declarationem</span> <span class='ocrx_word' id='word_1_241' title='bbox 962 3454 1151 3538; x_wconf 86' lang='lat' dir='ltr'>impetrare,</span> <span class='ocrx_word' id='word_1_242' title='bbox 1164 3454 1290 3521; x_wconf 86' lang='lat' dir='ltr'>scilicet</span> 
     </span>
     <span class='ocr_line' id='line_1_31' title="bbox 113 3559 1290 3650; baseline -0.003 -22"><span class='ocrx_word' id='word_1_243' title='bbox 113 3562 198 3650; x_wconf 92' lang='lat' dir='ltr'>quid</span> <span class='ocrx_word' id='word_1_244' title='bbox 219 3561 354 3628; x_wconf 88' lang='lat' dir='ltr'>intentio</span> <span class='ocrx_word' id='word_1_245' title='bbox 377 3561 560 3647; x_wconf 86' lang='lat' dir='ltr'>Majestatis</span> <span class='ocrx_word' id='word_1_246' title='bbox 583 3582 662 3627; x_wconf 86' lang='lat' dir='ltr'>suae</span> <span class='ocrx_word' id='word_1_247' title='bbox 684 3561 783 3627; x_wconf 86' lang='lat' dir='ltr'>fuerit</span> <span class='ocrx_word' id='word_1_248' title='bbox 805 3561 904 3626; x_wconf 90' lang='lat' dir='ltr'>etiam</span> <span class='ocrx_word' id='word_1_249' title='bbox 928 3559 968 3625; x_wconf 92' lang='lat' dir='ltr'>de</span> <span class='ocrx_word' id='word_1_250' title='bbox 989 3559 1232 3626; x_wconf 86' lang='lat' dir='ltr'>adhaerentibus</span> <span class='ocrx_word' id='word_1_251' title='bbox 1256 3565 1290 3624; x_wconf 88' lang='lat' dir='ltr'>et</span> 
     </span>
    </p>
   </div>
   <div class='ocr_carea' id='block_1_3' title="bbox 111 3665 1290 4069">
    <p class='ocr_par' dir='ltr' id='par_1_5' title="bbox 111 3665 1290 4069">
     <span class='ocr_line' id='line_1_32' title="bbox 112 3665 1289 3756; baseline -0.004 -22"><span class='ocrx_word' id='word_1_252' title='bbox 112 3667 317 3756; x_wconf 89' lang='lat' dir='ltr'>quibuslibet</span> <span class='ocrx_word' id='word_1_253' title='bbox 344 3688 402 3733; x_wconf 89' lang='lat' dir='ltr'>sua</span> <span class='ocrx_word' id='word_1_254' title='bbox 431 3666 481 3732; x_wconf 88' lang='lat' dir='ltr'>vel</span> <span class='ocrx_word' id='word_1_255' title='bbox 508 3668 643 3733; x_wconf 85' lang='lat' dir='ltr'>alterius</span> <span class='ocrx_word' id='word_1_256' title='bbox 670 3667 829 3732; x_wconf 90' lang='lat' dir='ltr'>interesse</span> <span class='ocrx_word' id='word_1_257' title='bbox 858 3665 1065 3750; x_wconf 85' lang='lat' dir='ltr'>putantibus,</span> <span class='ocrx_word' id='word_1_258' title='bbox 1097 3686 1199 3750; x_wconf 90' lang='lat' dir='ltr'>quare</span> <span class='ocrx_word' id='word_1_259' title='bbox 1227 3665 1289 3729; x_wconf 92' lang='lat' dir='ltr'>hoc</span> 
     </span>
     <span class='ocr_line' id='line_1_33' title="bbox 113 3768 1288 3851; baseline -0.003 -13"><span class='ocrx_word' id='word_1_260' title='bbox 113 3772 309 3840; x_wconf 85' lang='lat' dir='ltr'>mandatum</span> <span class='ocrx_word' id='word_1_261' title='bbox 331 3794 395 3839; x_wconf 93' lang='lat' dir='ltr'>non</span> <span class='ocrx_word' id='word_1_262' title='bbox 417 3771 521 3839; x_wconf 89' lang='lat' dir='ltr'>solum</span> <span class='ocrx_word' id='word_1_263' title='bbox 549 3773 593 3839; x_wconf 90' lang='lat' dir='ltr'>ad</span> <span class='ocrx_word' id='word_1_264' title='bbox 616 3772 811 3851; x_wconf 89' lang='lat' dir='ltr'>nominatos,</span> <span class='ocrx_word' id='word_1_265' title='bbox 844 3770 902 3836; x_wconf 92' lang='lat' dir='ltr'>sed</span> <span class='ocrx_word' id='word_1_266' title='bbox 932 3771 1031 3835; x_wconf 83' lang='lat' dir='ltr'>etiam</span> <span class='ocrx_word' id='word_1_267' title='bbox 1055 3768 1098 3834; x_wconf 88' lang='lat' dir='ltr'>ad</span> <span class='ocrx_word' id='word_1_268' title='bbox 1121 3769 1288 3835; x_wconf 84' lang='lat' dir='ltr'>universos</span> 
     </span>
     <span class='ocr_line' id='line_1_34' title="bbox 113 3874 1289 3963; baseline -0.007 -17"><span class='ocrx_word' id='word_1_269' title='bbox 113 3887 153 3946; x_wconf 87' lang='lat' dir='ltr'>et</span> <span class='ocrx_word' id='word_1_270' title='bbox 177 3878 320 3963; x_wconf 90' lang='lat' dir='ltr'>singulos</span> <span class='ocrx_word' id='word_1_271' title='bbox 343 3878 548 3945; x_wconf 86' lang='lat' dir='ltr'>adhaerentes</span> <span class='ocrx_word' id='word_1_272' title='bbox 574 3878 720 3945; x_wconf 87' lang='lat' dir='ltr'>fautores</span> <span class='ocrx_word' id='word_1_273' title='bbox 744 3883 778 3944; x_wconf 89' lang='lat' dir='ltr'>et</span> <span class='ocrx_word' id='word_1_274' title='bbox 800 3897 858 3942; x_wconf 86' lang='lat' dir='ltr'>sua</span> <span class='ocrx_word' id='word_1_275' title='bbox 888 3875 937 3942; x_wconf 81' lang='lat' dir='ltr'>vel</span> <span class='ocrx_word' id='word_1_276' title='bbox 967 3874 1102 3941; x_wconf 85' lang='lat' dir='ltr'>alterius</span> <span class='ocrx_word' id='word_1_277' title='bbox 1133 3875 1289 3959; x_wconf 88' lang='lat' dir='ltr'>cujusque</span> 
     </span>
     <span class='ocr_line' id='line_1_35' title="bbox 111 3977 1290 4069; baseline -0.008 -16"><span class='ocrx_word' id='word_1_278' title='bbox 111 3987 279 4053; x_wconf 85' lang='lat' dir='ltr'>iuteresse</span> <span class='ocrx_word' id='word_1_279' title='bbox 314 3989 468 4069; x_wconf 86' lang='lat' dir='ltr'>putantes</span> <span class='ocrx_word' id='word_1_280' title='bbox 500 3984 739 4052; x_wconf 84' lang='lat' dir='ltr'>extendendum</span> <span class='ocrx_word' id='word_1_281' title='bbox 774 3989 807 4048; x_wconf 92' lang='lat' dir='ltr'>et</span> <span class='ocrx_word' id='word_1_282' title='bbox 841 3986 1007 4048; x_wconf 88' lang='lat' dir='ltr'>extentum</span> <span class='ocrx_word' id='word_1_283' title='bbox 1038 3999 1108 4045; x_wconf 89' lang='lat' dir='ltr'>esse</span> <span class='ocrx_word' id='word_1_284' title='bbox 1141 3977 1290 4044; x_wconf 88' lang='lat' dir='ltr'>Caesarea</span> 
     </span>
    </p>
   </div>
   <div class='ocr_carea' id='block_1_4' title="bbox 699 4148 717 4187">
    <p class='ocr_par' dir='ltr' id='par_1_6' title="bbox 699 4148 717 4187">
     <span class='ocr_line' id='line_1_36' title="bbox 699 4148 717 4187; baseline 0 0"><span class='ocrx_word' id='word_1_285' title='bbox 699 4148 717 4187; x_wconf 81' lang='grc'><strong><em>*</em></strong></span> 
     </span>
    </p>
   </div>
   <div class='ocr_carea' id='block_1_5' title="bbox 110 4246 1289 4515">
    <p class='ocr_par' dir='ltr' id='par_1_7' title="bbox 110 4246 1289 4515">
     <span class='ocr_line' id='line_1_37' title="bbox 193 4246 1288 4322; baseline -0.006 -18"><span class='ocrx_word' id='word_1_286' title='bbox 193 4260 205 4304; x_wconf 97' lang='grc'><strong>1</strong></span> <span class='ocrx_word' id='word_1_287' title='bbox 226 4253 322 4322; x_wconf 77' lang='lat' dir='ltr'>Ducis}</span> <span class='ocrx_word' id='word_1_288' title='bbox 334 4253 430 4320; x_wconf 80' lang='lat' dir='ltr'>herzog</span> <span class='ocrx_word' id='word_1_289' title='bbox 439 4253 529 4304; x_wconf 87' lang='lat' dir='ltr'>Ulrich</span> <span class='ocrx_word' id='word_1_290' title='bbox 543 4271 594 4304; x_wconf 85' lang='lat' dir='ltr'>von</span> <span class='ocrx_word' id='word_1_291' title='bbox 606 4252 798 4318; x_wconf 86' lang='lat' dir='ltr'>Wdttemberg.</span> <span class='ocrx_word' id='word_1_292' title='bbox 867 4256 881 4301; x_wconf 81' lang='lat'><strong><em>2</em></strong></span> <span class='ocrx_word' id='word_1_293' title='bbox 902 4247 1030 4316; x_wconf 73' lang='lat' dir='ltr'>Muciano]</span> <span class='ocrx_word' id='word_1_294' title='bbox 1044 4248 1098 4314; x_wconf 84' lang='lat' dir='ltr'>vgl.</span> <span class='ocrx_word' id='word_1_295' title='bbox 1110 4247 1177 4300; x_wconf 87' lang='lat' dir='ltr'>oben</span> <span class='ocrx_word' id='word_1_296' title='bbox 1188 4246 1288 4299; x_wconf 85' lang='lat' dir='ltr'>Reueh-</span> 
     </span>
     <span class='ocr_line' id='line_1_38' title="bbox 110 4336 1289 4415; baseline -0.007 -19"><span class='ocrx_word' id='word_1_297' title='bbox 110 4347 154 4400; x_wconf 91' lang='lat' dir='ltr'>liu</span> <span class='ocrx_word' id='word_1_298' title='bbox 175 4360 209 4394; x_wconf 83' lang='lat' dir='ltr'>an</span> <span class='ocrx_word' id='word_1_299' title='bbox 229 4343 556 4412; x_wconf 69' lang='lat' dir='ltr'>Mutianlldug.1513.</span> <span class='ocrx_word' id='word_1_300' title='bbox 630 4345 645 4393; x_wconf 78' lang='grc'><strong>3</strong></span> <span class='ocrx_word' id='word_1_301' title='bbox 666 4342 726 4415; x_wconf 82' lang='lat' dir='ltr'>Vgl.</span> <span class='ocrx_word' id='word_1_302' title='bbox 742 4338 883 4399; x_wconf 80' lang='lat' dir='ltr'>Reuoblins</span> <span class='ocrx_word' id='word_1_303' title='bbox 897 4337 1007 4397; x_wconf 68' lang='lat' dir='ltr'>comede</span> <span class='ocrx_word' id='word_1_304' title='bbox 1025 4354 1083 4394; x_wconf 85' lang='lat' dir='ltr'>aum</span> <span class='ocrx_word' id='word_1_305' title='bbox 1100 4336 1289 4394; x_wconf 80' lang='lat' dir='ltr'>Constantinus</span> 
     </span>
     <span class='ocr_line' id='line_1_39' title="bbox 111 4430 554 4515; baseline -0.009 -30"><span class='ocrx_word' id='word_1_306' title='bbox 111 4447 244 4515; x_wconf 71' lang='lat' dir='ltr'>magnus.</span> <span class='ocrx_word' id='word_1_307' title='bbox 282 4430 356 4489; x_wconf 77' lang='lat' dir='ltr'>eben</span> <span class='ocrx_word' id='word_1_308' title='bbox 376 4448 432 4489; x_wconf 82' lang='lat' dir='ltr'>nro.</span> <span class='ocrx_word' id='word_1_309' title='bbox 452 4430 554 4490; x_wconf 74' lang='lat' dir='ltr'>CLXV.</span> 
     </span>
    </p>
   </div>
   <div class='ocr_carea' id='block_1_6' title="bbox 0 0 1404 4980">
    <p class='ocr_par' dir='ltr' id='par_1_8' title="bbox 0 0 1404 4980">
     <span class='ocr_line' id='line_1_40' title="bbox 0 0 1404 4980; baseline 0 2"><span class='ocrx_word' id='word_1_310' title='bbox 0 0 1404 4980; x_wconf 95' lang='lat' dir='ltr'> </span> 
     </span>
    </p>
   </div>
  </div>
 </body>
</html>
