2798 4980
120 102 310 188 Optaremus
321 102 407 186 quod
419 102 592 168 divortium
605 104 615 141 ¹
631 110 742 185 posset
753 102 925 169 coelebrari
940 103 1026 170 inter
1037 110 1069 168 te
1085 119 1283 187 uxoremque

117 215 202 274 tuam
234 210 305 292 ejus
335 215 445 272 tamen
474 228 648 286 consensu,
683 230 779 293 quam
809 207 981 292 plurimum
1011 214 1123 273 nostro
1154 209 1282 274 nomine

117 314 238 380 salvam
263 333 334 380 esse
353 313 495 397 jubebis.
532 313 666 387 vIterum
689 313 772 379 vale.
819 315 893 379 Dat.
917 319 1086 397 utsupra.

204 423 367 482 Gedrucht:
396 427 471 480 1:
489 422 520 482 Ο.
538 441 564 482 v.
583 439 608 481 e.
627 424 635 480 i
652 424 703 495 51⁸3
722 428 739 482 2
758 445 800 476 =
816 424 843 482 J.
861 442 887 484 v.
906 440 930 482 e.
947 423 957 480 l
975 427 1006 495 43
1025 425 1043 483 3
1063 444 1103 482 :z
1120 422 1151 482 C.
1168 439 1194 482 v.
1210 438 1237 488 e.
1254 421 1284 480 II

117 527 165 587 fol.
184 523 260 601 67b3
289 534 359 587 4:
372 529 468 601 Mejm
484 530 503 587 l.
521 545 546 587 o.
563 547 586 588 s.
605 532 678 588 209.

615 701 788 767 LXXXIII.

187 791 318 856 Venedig.
995 791 1025 840 18
1047 791 1148 854 August
1171 791 1246 844 1502.

114 885 237 962 Aldus
246 887 433 991 Manutius
445 887 633 959 Romanus
649 887 661 924 ²
677 885 818 959 <Ioanni
832 884 1016 966 Renchlin
1032 886 1233 960 Phorccnsi
1243 885 1280 962 S.

205 1027 318 1092 Amari
340 1047 391 1091 me
415 1027 473 1090 abs
499 1032 530 1089 te
547 1026 731 1108 plurimum,
755 1025 799 1089 mi
818 1025 969 1103 ioannes,
989 1022 1184 1109 jampridem
1199 1026 1282 1107 novi,

112 1154 178 1198 non
210 1153 282 1197 meo
305 1134 337 1196 in
362 1139 394 1196 te
418 1130 485 1195 ullo
509 1131 610 1195 officio
635 1131 691 1195 sed
716 1130 916 1195 humanitate
940 1137 1006 1207 tua,
1030 1151 1140 1213 quare,
1165 1132 1282 1197 uisite

114 1236 440 1320 benevolentiamque
472 1242 561 1300 tuam
585 1236 716 1319 plurimi
739 1235 873 1314 faciam,
906 1235 965 1299 sim
1000 1234 1095 1318 plane
1126 1237 1282 1318 ingratus,

113 1339 172 1407 sed
203 1348 238 1406 et
259 1342 342 1406 facio
365 1341 494 1423 plurimi
519 1347 552 1406 et
576 1340 707 1406 redamo
731 1361 939 1423 magnopere.
987 1341 1035 1403 Ex
1058 1339 1150 1405 libris
1173 1346 1282 1405 autem

114 1468 197 1531 quos
230 1447 315 1528 petis
345 1446 439 1510 mitto
471 1446 593 1511 Iulium
624 1445 800 1524 Pollucem,
835 1445 1032 1527 Stephanum
1064 1444 1104 1509 de
1137 1444 1282 1525 urbibus,

112 1550 344 1634 Thucydidem,
369 1551 613 1634 Etymologicon
631 1573 781 1634 magnum
799 1551 820 1629 ³,
844 1549 1054 1615 Prudentium
1071 1550 1282 1615 christianum

113 1664 237 1740 poetam
273 1677 345 1722 cum
370 1678 433 1740 quo
460 1663 492 1722 et
516 1679 622 1741 graeca
647 1657 794 1740 quaedam
818 1657 978 1738 impressa
1001 1662 1093 1736 sunt,
1118 1655 1282 1721 Sedulium

112 1762 192 1826 item
218 1782 290 1826 cum
316 1761 458 1826 Juvcnco
483 1769 516 1826 et
541 1763 699 1840 Aratore,
733 1783 804 1826 cum
828 1761 946 1845 quibus
970 1768 1003 1826 et
1026 1762 1284 1826 Homerocentra

113 1853 332 1949 imprimenda
362 1867 481 1957 curavi.
529 1867 684 1933 Suidas⁴
715 1889 778 1931 non
802 1872 873 1931 crat
903 1866 992 1949 apud
1014 1887 1064 1932 me
1091 1873 1124 1931 et
1147 1867 1282 1951 nuncius

113 1978 191 2036 tuus
226 1970 356 2035 dicebat
383 1993 447 2035 non
478 1993 550 2037 esso
583 1972 646 2036 sibi
675 1972 747 2054 plus
777 1972 921 2054 pecuniae
952 1972 1010 2036 sed
1042 1973 1222 2037 rediturum
1246 1993 1281 2037 se

114 2076 207 2140 brevi
230 2076 384 2141 Venetiae
408 2082 441 2141 et
463 2077 624 2142 facturum
649 2077 735 2160 quod
754 2078 900 2160 jusseris.
946 2070 1108 2142 Praeterea
1132 2077 1282 2160 impressi

115 2186 192 2244 sunt
216 2202 255 2245 ex
271 2179 393 2246 Graecis
416 2181 450 2245 hi
473 2190 548 2265 post
571 2204 671 2265 opera
688 2182 873 2247 Aristotelis
898 2204 969 2265 quae
993 2204 1013 2246 a
1037 2182 1129 2248 nobis
1153 2204 1281 2267 quoque

114 2285 234 2351 habes:
259 2285 484 2369 Aristophanis
516 2287 680 2352 oomoediae
703 2306 817 2353 notram
841 2309 913 2352 oum
936 2291 1185 2369 commentariis,
1208 2271 1282 2372 Episs

691 2421 709 2460 *

198 2502 207 2546 1
232 2498 282 2548 Die
300 2495 537 2562 scluvIerigkeiton,
557 2497 597 2548 dio
611 2500 638 2547 in
651 2500 740 2548 diesen
754 2505 848 2549 worten
865 2498 958 2564 hogen,
978 2497 1045 2549 habe
1064 2499 1106 2549 Ich
1127 2497 1283 2565 angedculst

115 2584 247 2635 Renohlin
268 2601 287 2633 s.
309 2587 350 2647 28,
372 2601 394 2635 n.
409 2589 433 2636 3.
479 2591 503 2634 ·2
526 2585 609 2636 Aldus
628 2587 762 2636 Manutius
783 2586 841 2652 geh.
862 2603 884 2635 o.
902 2586 967 2636 1449
988 2588 1014 2635 iu
1029 2587 1164 2649 Bassiano,
1181 2585 1281 2636 hommt

114 2673 185 2722 nach
209 2675 284 2735 Rom,
311 2677 398 2738 spiller
417 2673 484 2723 uach
504 2674 623 2736 Ferrara,
651 2691 689 2724 wo
717 2691 743 2724 er
766 2675 914 2740 griechisch
941 2675 983 2726 bei
1009 2675 1127 2740 Baptista
1148 2674 1279 2725 Guarinus

114 2761 201 2810 lemte
220 2761 274 2811 und
291 2760 450 2810 namentlieh
469 2761 518 2810 den
534 2762 634 2828 jungor
650 2764 748 2811 stirston
764 2763 887 2813 Albertus
901 2762 963 2811 Pius
977 2761 1180 2813 unterriohtete,
1205 2764 1281 2812 Danu

114 2848 174 2898 lcbt
196 2865 223 2898 cr
245 2850 272 2898 in
293 2848 442 2898 Mirandula
460 2849 513 2898 und
533 2850 611 2918 Carpi
637 2851 689 2899 und
713 2853 824 2902 arbaitct
843 2850 884 2900 fili·
906 2851 977 2900 scine
996 2850 1102 2900 sohiiler
1121 2849 1209 2899 lleine
1228 2866 1281 2899 me-

113 2935 216 2984 mische
234 2936 287 2985 und
307 2938 509 3000 grammatische
533 2937 657 2986 schriften
677 2933 733 2987 aus.
771 2940 860 3004 Gegon
886 2941 951 2989 1490
976 2939 1067 3004 begtht
1089 2955 1116 2987 er
1135 2938 1192 2988 sich
1213 2937 1280 2988 nach

117 3024 245 3089 Venedig,
272 3040 316 3072 um
342 3023 400 3073 dort
422 3024 480 3073 eine
505 3023 644 3075 drnokeroi
666 3043 697 3075 au
721 3027 864 3087 errichten,
891 3026 943 3076 und
967 3006 1008 3075 die
1029 3026 1115 3076 werke
1135 3026 1180 3075 der
1199 3026 1281 3088 alten,

113 3111 278 3162 namentlich
298 3111 344 3160 dor
362 3113 493 3178 griechen,
514 3114 540 3162 in
560 3113 690 3179 richtigcn
711 3120 798 3163 texten
819 3131 851 3163 an
865 3114 1020 3164 verbreiten.
1054 3115 1131 3164 Seiae
1144 3114 1280 3180 ausgaben
1351 3147 1353 3152 -

114 3197 178 3264 (das
203 3205 270 3248 erute
296 3198 364 3249 buch
390 3199 510 3251 orechten
529 3201 619 3264 1494)
638 3201 764 3250 aeichnon
788 3201 845 3252 sich
871 3201 1019 3259 mauchmnl
1043 3203 1124 3252 durch
1153 3203 1281 3252 hritisclie

115 3285 243 3363 sorgsalt,
270 3286 361 3335 immer
387 3287 469 3338 durch
492 3289 608 3338 selihnen
632 3287 713 3339 druch
739 3290 790 3339 und
809 3297 885 3355 gutes
905 3273 995 3356 papier
1016 3305 1072 3340 aris.
1113 3291 1168 3340 Von
1190 3290 1281 3339 seinan

114 3374 213 3439 eigncn
232 3374 336 3424 werhen
358 3374 442 3425 haben
469 3362 514 3426 die
534 3376 695 3426 lateinische‘
715 3375 767 3426 und
786 3377 951 3442 griechischc
970 3377 1127 3443 grammatik
1148 3376 1197 3427 den
1216 3378 1281 3426 mei·

115 3466 176 3512 steri
195 3462 284 3512 werth.
320 3463 357 3511 Er
379 3463 450 3513 starb
469 3465 485 3511 8
506 3463 580 3513 I'ebr.
604 3466 678 3514 1515.
719 3464 778 3529 Vgl.
799 3463 869 3514 liber
894 3466 940 3514 ihn
964 3465 1006 3514 die
1025 3475 1105 3515 unten
1125 3463 1281 3529 angefllhrte
1339 3484 1343 3489 ·

114 3547 213 3599 schrift
235 3564 286 3598 von
311 3549 424 3599 Schitok.
466 3552 533 3600 Dass
558 3567 585 3600 er
609 3551 651 3601 die
675 3552 878 3602 bohanntschalt
899 3551 1042 3602 Rouchlins
1070 3553 1136 3601 1498
1159 3551 1282 3618 gemacht

114 3637 171 3698 hat,
189 3637 253 3702 geht
272 3651 319 3685 ans
338 3635 396 3686 dem
416 3638 452 3686 im
472 3637 575 3702 unhang
594 3639 785 3704 mitgetheilten
805 3639 888 3689 briain
910 3640 1015 3701 hervor;
1034 3638 1177 3689 Reuchlins
1196 3640 1280 3690 orado

116 3726 186 3775 1498
204 3726 241 3774 ist
260 3725 304 3777 bei
323 3724 376 3775 Ihm
396 3726 556 3776 ersohienen.
586 3727 611 3775 S.
631 3744 654 3776 o.
674 3743 730 3777 nro.
750 3727 832 3776 LXIV
852 3742 874 3776 a,
898 3733 918 3776 1.
987 3729 1001 3776 3
1025 3726 1236 3792 EtymologIouni
1255 3733 1281 3780 4.

111 3812 287 3880 Stephanum]
310 3813 430 3863 erachien
459 3816 523 3864 1502
544 3815 571 3862 in
590 3815 645 3865 droi
668 3815 793 3866 bhchcrn.
831 3813 936 3864 Sohitck
955 3829 975 3863 s.
996 3815 1038 3864 36.
1076 3814 1142 3864 Julii
1163 3815 1281 3866 Pollucis

111 3901 318 3953 vocabularIum
332 3899 385 3950 und
397 3900 566 3967 Thucydides
585 3902 737 3953 orechtenen
754 3903 782 3965 je
801 3917 837 3975 zu·
852 3902 936 3951 einem
954 3901 1067 3953 dukateo
1082 3903 1187 3954 Soliltck
1200 3918 1220 3953 s.
1238 3905 1280 3961 34.

110 3997 128 4043 ⁴
151 3993 204 4043 Der
223 3989 322 4042 Suidas
341 3988 459 4039 erschien
480 3996 532 4040 eret
553 3991 628 4056 1500,-
647 3990 749 4041 Solriick
770 4006 791 4042 s.
810 3991 851 4043 60.
