2798 4980
664 344 710 432 ‚se

114 533 197 601 aunis
213 534 450 621 superioribus,
473 538 542 603 tum
567 536 707 605 maxime
730 559 814 606 nunc
837 540 973 624 propter
996 534 1187 624 eloquentia
1211 540 1277 605 stu·

113 639 194 707 dium
224 648 259 706 et
286 648 449 737 poetarum
472 644 694 710 amoenitatem
718 665 782 711 non
804 642 901 712 modo
923 642 1141 727 negliguntur,
1165 665 1276 710 verum

112 747 207 813 etiam
231 767 252 812 a
276 749 374 833 mam
395 748 544 833 plurimis
568 752 769 836 contemptui
785 751 959 829 habentur,
984 749 1016 813 in
1033 755 1173 816 montem
1189 750 1278 815 venit

110 851 243 918 tandem
266 854 418 937 oportuni
443 855 612 940 cujusdam
627 856 771 937 remedii,
794 877 835 922 ne
854 859 975 920 sanotae
991 853 1100 919 bibliae
1116 854 1278 938 scriptura

112 957 160 1022 vel
183 958 362 1043 aliquando
386 965 456 1025 tota
478 967 594 1044 pereat
617 967 651 1028 et
673 962 768 1027 simul
791 962 973 1027 animarum
997 965 1181 1025 nostrarum
1204 981 1278 1044 pro·

110 1084 240 1148 gressus
273 1087 346 1130 cum
380 1067 470 1132 suavi
500 1074 597 1134 cantu
628 1067 790 1150 Sirenum,
821 1086 965 1154 quasue
989 1064 1123 1150 Ulysses
1147 1066 1277 1150 quidem

110 1170 247 1251 audiret,
278 1171 321 1236 ad
349 1172 469 1238 inferos
499 1173 604 1239 abeat.
652 1173 703 1238 Ad
724 1174 823 1240 istum
846 1178 955 1237 autem
986 1171 1118 1236 modum
1142 1173 1170 1237 ei
1193 1171 1278 1257 peri·

110 1276 180 1341 oulo
206 1277 457 1343 succurrendum
482 1279 603 1362 putavi.
649 1279 791 1344 Primum
815 1278 968 1358 omnium,
992 1298 1065 1343 oum
1089 1277 1132 1342 sit
1154 1277 1187 1341 in
1210 1277 1277 1343 ani·
1365 1260 1368 1266 ¹

109 1383 169 1447 mis
192 1383 314 1448 nostris
338 1381 461 1469 (nescio
484 1384 584 1468 unde)
607 1384 740 1449 insitum
756 1383 866 1448 multae
881 1382 1054 1448 varietatis
1071 1382 1276 1463 desiderium,

110 1508 173 1572 quo
197 1485 236 1552 fit
260 1493 296 1554 ut
318 1495 467 1554 versetur
482 1489 515 1554 iu
539 1510 594 1555 ore
611 1489 691 1555 illud
707 1489 875 1573 adagium:
899 1488 1026 1553 vilescit
1043 1488 1277 1571 quotidianum,

110 1594 172 1659 erit
194 1614 328 1659 necesse
352 1600 494 1660 veterem
510 1600 697 1661 sanctarum
713 1595 884 1660 literarum
900 1593 1094 1677 dignitatem
1111 1594 1144 1658 in
1158 1615 1277 1660 novam

109 1699 226 1765 faeiem
261 1700 387 1765 Latinis
422 1700 606 1767 hominibus
640 1701 798 1766 hactenus
832 1700 1031 1783 incognitam
1066 1701 1206 1782 reverti,
1239 1706 1277 1767 ut

109 1805 209 1869 nimia
244 1805 467 1871 familiaritate
500 1806 696 1890 quotidianae
726 1807 874 1872 lectionis
912 1801 1059 1888 explosa,
1090 1827 1209 1871 novum
1245 1813 1278 1872 et

108 1911 253 1975 nativum
277 1910 310 1975 in
335 1911 442 1976 diviua
465 1911 628 1996 scriptura
652 1912 779 1977 dicendi
803 1931 912 1995 genus,
937 1910 1034 1998 quale
1058 1931 1094 1976 os
1119 1910 1172 1975 dei
1191 1910 1278 1977 loeu-

109 2021 177 2080 tum
209 2021 268 2096 est,
299 2023 427 2082 nosmet
455 2017 519 2100 ipsi
549 2038 613 2083 non
642 2019 711 2083 sine
742 2017 882 2102 quadam
911 2016 1050 2082 inauditi
1073 2037 1112 2082 ac
1134 2017 1276 2082 recentis

108 2141 211 2205 nuper
235 2121 336 2186 studii
358 2121 573 2188 admiratione
590 2123 881 2207 apprehendamus.
928 2123 1016 2188 Tunc
1042 2122 1127 2187 enim
1150 2121 1290 2206 tollitur*

108 2227 250 2290 omnium
282 2226 588 2311 interpretationum
618 2249 786 2295 commune
809 2227 991 2308 fastidium,
1024 2248 1094 2293 cum
1124 2227 1182 2314 illa
1204 2228 1278 2312 ipsa

108 2332 227 2396 veteris
252 2334 440 2398 testamenti
464 2333 566 2400 biblia
588 2334 620 2399 in
644 2356 704 2400 sua
726 2333 939 2419 primordiali,
963 2333 1024 2399 hoo
1049 2340 1101 2399 est
1124 2333 1278 2398 hebraica

109 2436 228 2520 lingua,
253 2443 287 2502 et
310 2437 373 2522 legi
397 2459 418 2503 a
439 2439 560 2505 nostris
585 2445 619 2505 et
640 2440 776 2524 intelligi
799 2441 918 2525 possit:
941 2439 1030 2505 haud
1056 2461 1149 2506 secus
1170 2461 1277 2525 neque

108 2543 171 2609 alio
196 2563 298 2625 more,
323 2549 422 2629 atque
446 2545 603 2630 primaria
626 2547 695 2631 ejus
710 2547 872 2612 institutio
897 2566 1058 2611 asummo
1075 2567 1184 2611 rerum
1200 2566 1273 2610 cou-

110 2647 214 2715 ditore
245 2649 398 2716 inchoata
428 2649 612 2736 desyderat.
659 2651 751 2730 Quod
782 2653 877 2737 plane
903 2649 974 2717 fieri
997 2651 1127 2736 nequit,
1158 2652 1184 2715 si
1209 2673 1271 2717 noo

108 2756 200 2840 prius
216 2755 444 2821 hebraicorum
459 2756 691 2823 vocabulorum
713 2759 947 2842 proprietatem
972 2764 1005 2822 et
1027 2777 1139 2822 veram
1163 2757 1271 2822 condi-

109 2863 231 2928 tionem
266 2864 440 2943 sermonis,
475 2883 496 2928 a
527 2884 591 2948 quo
625 2863 714 2929 fonte
750 2863 853 2930 omnis
894 2862 1058 2944 theologia
1091 2863 1273 2942 scaturivit,

112 2968 208 3033 avido
237 2974 357 3033 oouatu
380 2966 520 3034 libenter
548 2990 769 3055 assequamur.
817 2968 917 3052 Cujus
945 2967 1096 3033 doctrina
1126 2968 1272 3052 quamvis

110 3074 151 3139 sit
173 3073 326 3157 puerilis,
354 3079 463 3139 tamen
491 3076 568 3159 quia
598 3075 749 3140 subtilior
772 3073 919 3159 quaedam
943 3073 1083 3156 cognitio
1106 3095 1204 3158 quam
1236 3094 1276 3139 ea

108 3178 279 3244 literarum
308 3180 393 3245 ratio
417 3179 491 3258 alit,
520 3181 721 3247 consuetudo
749 3179 912 3245 hebraioae
941 3179 1078 3263 loquelae
1106 3201 1144 3245 ao
1168 3186 1273 3245 vetus·

108 3285 309 3351 tissimorum
332 3284 489 3350 librorum
505 3285 602 3351 lectio
619 3285 736 3351 crebra
751 3284 929 3364 confirmat,
946 3305 985 3349 ex
1001 3306 1040 3349 ea
1055 3286 1271 3368 praeceptione
1323 3332 1327 3339 -

110 3392 228 3457 oritur:
252 3410 316 3455 nou
332 3395 460 3456 tantum
482 3412 547 3457 non
570 3392 659 3456 venit
682 3390 927 3470 contemnenda,
952 3413 1063 3456 verum
1087 3393 1185 3458 etiam
1200 3398 1272 3456 tan·

110 3518 207 3581 quam
231 3495 374 3561 omnium
396 3497 668 3581 praestantissima
700 3517 763 3562 nou
787 3497 899 3578 aliter,
929 3519 1026 3583 quam
1049 3497 1146 3564 liberi
1169 3496 1272 3563 nostri

109 3602 252 3668 infantes
276 3601 503 3683 exosculanda,
528 3608 561 3668 et
584 3603 663 3668 totis
687 3603 829 3668 brachiis
853 3603 1081 3688 amplexanda.

199 3707 279 3772 Cum
302 3708 401 3791 igitur
424 3707 585 3774 hebraicae
612 3707 721 3774 bibliae
736 3710 859 3793 passim
874 3710 909 3773 in
923 3708 1020 3775 Italia
1036 3708 1274 3793 imprimantur,

111 3834 191 3898 quas
208 3812 270 3877 sibi
287 3813 423 3897 quisque
439 3835 543 3897 pauco
560 3836 624 3879 aere
639 3815 777 3879 mercari
794 3814 889 3880 facile
906 3822 1022 3899 queat;
1045 3806 1152 3898 neque
1168 3820 1277 3878 tamen

110 3940 149 3983 ex
165 3918 254 3983 omni
269 3917 566 3985 literatissimorum
582 3919 747 3985 hominum
764 3941 897 3986 numero
913 3922 945 3984 in
961 3921 1046 3984 huno
1061 3940 1164 4003 usque
1189 3918 1275 3983 diem

109 4023 262 4090 inventus
286 4024 328 4089 sit
351 4045 434 4090 unus
456 4025 508 4090 vel
535 4026 613 4090 item
630 4025 723 4106 alter,
748 4026 804 4109 qui
819 4047 879 4111 pro
896 4024 1101 4091 sanctissima
1116 4023 1278 4108 theologia

108 4128 253 4215 linguam
279 4129 470 4196 hebraicam
499 4131 783 4214 grammaticorum
812 4151 902 4196 more
927 4129 1119 4195 Christianis
1151 4128 1279 4196 demon·

108 4224 240 4316 straret,
264 4235 404 4313 fortasse
429 4235 517 4321 quod
532 4237 583 4301 vel
606 4242 734 4302 tantum
758 4235 905 4301 laborem
933 4236 1073 4318 majores
1104 4235 1207 4299 nostri
1230 4235 1279 4302 fu·

106 4348 241 4426 gerunt,
273 4343 330 4426 qui
361 4362 462 4426 prope
492 4363 566 4407 mea
589 4343 751 4408 sententia
775 4349 825 4406 est
847 4339 990 4406 infinitus
1014 4340 1064 4406 vel
1088 4361 1153 4406 suae
1177 4341 1278 4423 digni·

107 4449 168 4514 tati
190 4453 352 4540 putavero
375 4448 490 4533 impar,
514 4447 611 4533 quod,
635 4447 769 4515 summis
793 4446 974 4514 divinarum
997 4446 1275 4529 humanarumque
