2798 4980
651 320 716 387 335

94 511 127 577 iu
151 510 328 597 Gymnasio
351 511 549 596 Tubingensi
573 509 680 577 Biblia
712 508 881 593 hebraica,
912 513 1067 598 insignem
1098 511 1189 578 illum
1224 515 1267 576 24

93 616 294 683 voluminum
317 617 446 698 librum,
470 639 568 701 quem
591 616 683 683 uobis
707 616 822 683 Daniel
843 617 1040 702 Bombergus
1055 617 1267 684 Judaioornm

94 722 244 789 codicum
267 722 462 790 artificiosus
485 725 664 806 impcessor
685 744 790 808 nuper
803 745 921 808 magno
939 744 1073 790 numero
1089 745 1106 790 e
1122 723 1266 789 Venetiis

94 829 243 894 uenalem
273 829 377 908 misit,
412 829 479 894 siue
510 849 573 913 quo
605 849 675 893 eam
708 829 849 914 linguam
884 851 977 895 nemo
1000 830 1050 895 vel
1075 830 1191 895 dooere
1214 828 1266 893 vel

94 933 223 1000 discere
255 941 374 1018 potest.
405 933 530 999 Addam
561 955 669 1018 porro,
698 935 726 999 si
755 933 890 1019 adjutus
921 957 980 1019 per
1003 942 1035 1000 te
1059 935 1160 1014 suero,
1183 932 1265 999 Tho·

94 1060 149 1104 ma
181 1039 369 1120 Anshelme,
405 1038 677 1124 typographorum
715 1042 940 1120 ornatissime,
973 1040 1198 1106 Demosthenis
1232 1044 1266 1104 et

95 1143 264 1210 Aeschinis
287 1166 485 1211 summorum
501 1143 632 1210 Graeciae
649 1152 814 1212 oratorum
838 1146 1079 1232 praelectionem
1102 1146 1134 1210 in
1157 1145 1267 1229 lingua

94 1249 221 1330 Gracc,
253 1252 307 1334 qui
338 1256 470 1316 autores
503 1250 770 1334 splendidissimis
793 1253 918 1318 Latinis
952 1251 1047 1336 plura
1078 1257 1267 1318 ornamenta

94 1355 364 1441 suppeditabuun
388 1355 653 1422 cousuetudinem
683 1359 844 1442 quandam
876 1356 1040 1442 eleganter
1058 1357 1266 1442 jucundeque

95 1459 227 1526 dicendi
249 1459 432 1528 afferentes.
477 1501 479 1504 <

186 1567 293 1646 Quare
316 1589 375 1652 pro
400 1567 503 1633 veteri
526 1575 637 1635 nostra
660 1568 746 1634 inter
768 1590 827 1634 nos
856 1568 1007 1647 amicitia,
1032 1567 1266 1651 conjunctione,

97 1692 139 1739 ac
163 1674 403 1740 necessitudine
427 1681 460 1738 te
484 1681 570 1758 peto,
593 1675 799 1758 integerrime
823 1675 1009 1753 amicorum,
1041 1672 1121 1739 velis
1143 1672 1176 1736 iu
1200 1692 1267 1737 om·

94 1779 184 1845 nium
208 1801 312 1864 graece
344 1780 562 1846 studiosorum
594 1779 770 1846 utilitatem
804 1786 838 1844 et
860 1779 1051 1864 profectum,
1075 1779 1152 1864 quin
1176 1783 1210 1842 et
1232 1776 1266 1840 iu

94 1885 146 1951 tui
168 1884 309 1952 fructum
332 1907 396 1951 uon
428 1887 632 1966 mediocrem,
656 1884 768 1950 ambas
792 1885 959 1950 Aeschinis
983 1890 1016 1949 et
1039 1881 1265 1949 Demosthenis

95 1990 270 2071 orationes,
294 1991 464 2058 adversum
493 2014 528 2058 ee
558 1991 710 2073 habitas,
728 1989 829 2056 nobili
858 1996 915 2056 tuo
947 1989 1137 2055 charactere
1162 2007 1265 2071 graeco

94 2115 196 2180 quam
220 2097 480 2164 emendatissime
512 2105 545 2164 et
576 2096 778 2182 grauissime,
808 2100 1007 2180 quantocyus
1037 2095 1109 2160 fieri
1132 2093 1263 2178 poterit,

94 2201 292 2286 imprimere,
316 2209 415 2288 atque
439 2204 509 2268 sine
532 2224 624 2268 mora
651 2201 827 2286 Tubingam
859 2201 902 2267 ad
925 2222 983 2266 nos
1005 2201 1136 2266 mittere
1160 2218 1264 2282 graeca

94 2304 167 2387 lide,
192 2307 253 2374 hoc
276 2316 335 2389 est,
358 2317 491 2394 recepta
514 2309 630 2375 merois
654 2308 725 2374 loco
749 2314 865 2392 parata
887 2308 1032 2391 pecunia,
1057 2304 1212 2391 quamsi.
1230 2309 1263 2369 et

94 2412 249 2498 pollicitis
280 2416 359 2480 meis
382 2413 478 2481 fidem
513 2414 624 2494 habes,
655 2421 810 2499 sequetur
833 2413 974 2478 omnium
998 2412 1265 2478 scholasticorum

94 2519 267 2604 singularis
300 2541 377 2604 erga
405 2529 437 2586 te
472 2521 696 2586 benevolentia
727 2541 800 2585 cum
824 2519 956 2585 lauduni
980 2525 1109 2585 tuarum
1134 2518 1263 2583 immor·

94 2623 234 2690 talitate.
271 2626 422 2692 Feliciter
445 2627 526 2692 vale.
560 2624 712 2711 l'ubingae
728 2625 841 2692 Idibus
857 2625 1029 2706 ianuariis,
1055 2628 1145 2690 Anno
1163 2622 1265 2689 Mille·

94 2731 177 2797 simo
201 2732 457 2815 quingentesimo
481 2733 634 2817 vigesimo
658 2733 807 2798 secundo.

187 2838 350 2901 Gedruckt:
369 2864 411 2895 =
427 2843 532 2917 Majus,
550 2844 610 2903 vito
625 2843 775 2903 Reuchlini
791 2860 814 2902 s.
835 2845 897 2903 516
915 2845 958 2904 bis
977 2846 1049 2903 519.
1064 2846 1067 2852 ’

613 3029 745 3096 CCCIV.

168 3114 297 3183 veneug.
1015 3122 1047 3170 aa
1067 3115 1128 3169 nn.
1153 3120 1227 3170 isar.

98 3204 431 3306 Dan.Bombergus
440 3208 466 3281 J
468 3180 718 3282 oRcuchlino
727 3205 1010 3313 PhorcensiLL.
1021 3208 1162 3282 doctori
1173 3207 1209 3284 S.
1220 3209 1264 3292 D,

188 3354 259 3418 Etsi
280 3353 417 3443 Talmud
434 3363 467 3420 et
483 3355 553 3420 Rab
579 3356 699 3440 Alphos
718 3357 727 3394 ¹
750 3357 962 3440 impressione
979 3356 1187 3440 praepeditus,
1211 3377 1265 3422 uc·

97 3458 175 3523 dum
199 3459 272 3524 hinc
296 3460 339 3524 ad
363 3469 487 3544 septem
511 3483 647 3541 meuses,
672 3483 722 3526 me
747 3461 917 3547 sperabam
942 3462 1007 3527 tuis
1021 3482 1116 3545 posse
1141 3460 1266 3527 deside·

95 3563 155 3629 riis
179 3565 385 3649 respondere,
409 3567 527 3650 quibus
551 3574 628 3632 tunc
644 3568 800 3647 ultimam,
824 3575 861 3632 ut
884 3589 958 3651 spes
983 3572 1041 3646 est,
1065 3588 1176 3633 sumus
1198 3588 1267 3632 ma·

95 3687 174 3734 num
197 3672 390 3755 imposituri.
426 3656 650 3754 Vicit'tameu,
674 3673 760 3757 quod
783 3673 955 3738 videbatur
979 3671 1202 3738 difficillimum
1225 3693 1264 3737 ac

96 3777 228 3841 minime
252 3777 453 3857 tentandum,
477 3799 601 3860 magna,
627 3802 691 3862 qua
714 3789 820 3845 tecum
838 3800 999 3845 connexus
1024 3800 1103 3857 sum,
1129 3778 1265 3844 benevo-

96 3881 209 3962 lentia,
233 3882 358 3968 hacque
375 3892 506 3951 coactus
531 3907 593 3951 non
610 3885 709 3969 potui,
734 3887 810 3970 quin
834 3886 900 3951 tuis
919 3885 1018 3970 jussis
1034 3884 1263 3967 obtemperans

97 3988 205 4072 gravis
245 3989 321 4056 licet
359 3991 506 4056 obstaret
547 3990 683 4056 Talmud
714 3999 747 4057 et
775 3992 845 4058 Rab
884 3990 1003 4076 Alphee
1034 3996 1067 4057 et
1102 4011 1202 4075 opera
1233 3993 1267 4054 et

655 4117 673 4152 cr

173 4189 183 4235 l
206 4183 263 4235 Rab
284 4183 391 4251 rllphcs]
421 4185 462 4234 die
484 4185 615 4236 Halnchot
640 4187 685 4236 des
707 4187 806 4248 Aliensi,
831 4187 873 4236 eiu
894 4185 1077 4236 balachisoher
1099 4200 1200 4249 ausang
1218 4198 1266 4234 aua

99 4271 155 4324 dem
175 4274 301 4337 'l'almud‚
327 4273 447 4323 erachien
475 4274 518 4324 bai
538 4274 669 4340 Bornbcrg
697 4278 761 4325 1521
790 4275 830 4324 his
858 4276 938 4335 1522,
963 4273 1016 4340 vgl.
1044 4272 1266 4335 Steiuschueider‚

100 4362 236 4430 catalogus
263 4362 390 4413 librorum
415 4361 576 4413 hebraeorunr
602 4364 629 4414 in
655 4362 817 4415 bibliotheca
843 4362 993 4429 bodlejnnn,
1013 4363 1101 4414 Berlin
1130 4362 1195 4415 1852
1226 4361 1266 4414 bis

105 4452 177 4516 1860,
197 4451 251 4502 rol.
270 4452 290 4516 Ι,
312 4451 362 4502 col.
384 4452 460 4504 1089.
