2798 4980
675 308 740 375 287

110 496 294 584 puerilibus
310 490 427 565 studiis
441 497 538 565 finem
554 500 699 583 posuisse
715 499 898 584 prasertim
914 520 1025 568 senem
1049 523 1101 567 me
1125 521 1164 568 ac
1187 522 1290 588 prope

111 604 290 671 terminum
314 606 397 685 vitae,
424 607 479 690 qui
503 606 626 691 optimo
645 606 720 690 jure
743 606 863 672 altiora
885 606 1140 692 contemplarer,
1156 628 1291 692 vergens

110 711 144 776 in
166 732 357 797 vesperam,
386 713 419 776 ni
443 734 533 778 meus
557 733 634 797 erga
656 717 690 778 tc
713 733 805 778 amor
828 713 941 797 ingens
964 719 999 779 et
1028 713 1215 780 observatio
1239 713 1288 780 tui

109 836 184 883 mea
206 817 324 902 quanti
353 823 464 901 potest
492 818 535 883 ab
565 815 674 882 infimo
702 818 735 883 in
759 839 917 883 summum
944 817 1078 899 haberi,
1102 818 1232 885 demum
1255 817 1289 884 id

109 929 233 1007 ageret,
245 928 283 988 ut
295 921 345 988 bis
358 924 544 989 carceribus
557 929 591 988 et
607 923 669 989 bac
686 931 775 989 meta
797 925 978 990 consistere
993 924 1201 1009 nequiverim,
1212 923 1289 991 dum

110 1030 299 1113 cogitarem,
323 1027 428 1094 adhuc
447 1029 481 1093 in
506 1050 601 1094 sacra
620 1028 824 1095 hebraeornm
846 1030 1010 1113 scriptura
1018 1030 1119 1096 videri
1135 1029 1289 1114 quiddam

110 1134 230 1220 reliqui
244 1135 375 1218 cognitu
392 1133 520 1218 dignum
538 1154 602 1219 quo
618 1155 677 1219 per
696 1140 788 1199 tuum
805 1156 923 1200 numen
944 1135 1095 1202 fruantur
1110 1135 1289 1202 erudiendi.

200 1238 285 1305 Nam
307 1247 427 1324 praeter
449 1261 562 1306 vocum
587 1246 620 1304 et
643 1239 889 1305 distinctionum
915 1246 1010 1307 notas
1033 1242 1124 1326 signa
1140 1242 1289 1327 quaedam

110 1345 275 1413 cernimus
287 1345 321 1410 in
328 1345 468 1430 judaicis
488 1344 597 1411 bibliis
616 1345 703 1411 varie
720 1346 806 1410 inter
825 1347 1059 1430 scripturarum
1075 1346 1178 1415 lineas
1192 1347 1290 1416 collo·

110 1455 187 1517 cata
203 1471 276 1536 qua
291 1450 445 1516 studiosa
463 1451 643 1535 juventutis
659 1450 816 1516 candidus
832 1450 968 1518 affectus
990 1474 1081 1538 aeque
1097 1453 1289 1536 admiratur,

110 1563 222 1627 tamen
246 1577 311 1623 non
333 1562 401 1621 tam
425 1556 468 1621 cd
482 1557 737 1640 grammaticum,
762 1578 860 1641 quam
885 1564 918 1623 et
942 1559 983 1623 ad
1000 1559 1165 1625 rhetorem
1189 1567 1223 1627 et
1245 1559 1289 1626 ad

109 1663 271 1729 musicum
294 1663 486 1746 spectantia.
532 1663 581 1728 De
605 1663 723 1747 quibus
753 1664 814 1727 sub
843 1649 902 1728 tuo
926 1665 1053 1729 nomine
1078 1686 1137 1748 per
1159 1665 1289 1732 libellos

110 1773 285 1853 sequentes
308 1789 372 1834 non
403 1767 541 1852 amplius
558 1768 651 1833 binos
674 1767 782 1852 quoad
805 1769 875 1852 ejus
897 1766 969 1834 fieri
996 1771 1119 1853 poterit
1149 1770 1289 1836 lectores

111 1872 259 1941 discendi
281 1874 416 1959 cupidos
440 1874 533 1940 brevi
562 1873 681 1939 faciam
711 1873 877 1953 certiores,
909 1874 1150 1958 quantumlibet
1172 1874 1289 1942 multo·

110 2000 184 2046 rum
202 1981 327 2066 judicio
342 1980 433 2047 aetati
456 2001 536 2046 meae
559 2001 622 2046 non
636 1980 805 2045 conveniat
828 1980 981 2065 encycliis
1002 1979 1179 2064 disciplinis
1202 1980 1290 2047 insu·

110 2085 210 2168 dare,
236 2092 346 2152 tamen
378 2092 429 2152 est
452 2086 551 2152 etiam
576 2107 759 2153 curarumm
783 2086 962 2151 aximarum
986 2085 1119 2172 aliquod
1142 2085 1288 2153 levamen

111 2190 249 2258 honeste
273 2214 346 2259 cum
368 2193 479 2277 pueris
502 2192 625 2259 ludere.
1187 2254 1190 2258 .

200 2298 280 2364 Post
303 2299 386 2363 euim
411 2319 508 2383 quam
531 2299 564 2363 in
587 2298 670 2364 aulis
694 2284 875 2382 principum
899 2297 1055 2364 senatorii
1069 2296 1192 2364 ordinis
1215 2318 1288 2364 con·

109 2403 255 2471 sulatum
277 2425 379 2471 anuos
403 2404 613 2489 undeviginti,
649 2409 719 2468 tum
742 2403 857 2469 deinde
893 2404 1133 2470 triumuiratum
1164 2403 1288 2471 Suevian

109 2531 214 2577 anuos
237 2510 386 2576 undecim
402 2511 571 2577 continuos
594 2509 707 2579 sedulo
730 2512 824 2594 gessi,
848 2510 980 2575 taudem
1002 2511 1088 2576 sedit
1112 2512 1228 2590 animo,
1250 2514 1289 2577 ut

109 2632 217 2702 nuper
228 2615 382 2682 abdicato
397 2616 603 2682 triumviratu
620 2623 653 2682 et
668 2615 869 2682 secularibus
884 2616 1025 2700 negociis
1041 2616 1147 2683 subito
1164 2615 1288 2683 exactis

109 2720 142 2788 in
166 2721 239 2788 ocio
261 2721 407 2788 literaria
432 2723 629 2806 quiescerem
646 2744 684 2788 ac
708 2729 917 2788 sacrosancta
939 2723 1100 2788 divinitati
1124 2722 1288 2788 consortia

109 2827 267 2912 legerem,
296 2829 375 2894 mihi
398 2834 431 2894 et
448 2829 529 2908 Deo,
559 2850 618 2912 per
641 2849 711 2913 quae
735 2828 876 2892 salutem
911 2833 1100 2911 perpetuam
1125 2834 1158 2892 et
1180 2825 1287 2892 cordis

109 2933 383 3019 tranquillitatem
415 2955 592 3020 verumque
624 2933 775 3017 gaudium
806 2946 844 2998 ao
882 2954 946 2997 non
976 2933 1121 2997 fucatum
1150 2929 1287 3014 adipisci

111 3038 239 3106 liceret.
286 3038 409 3118 Quibus
432 3039 577 3123 legendis
599 3039 703 3104 multa
726 3039 910 3105 inciderunt
925 3037 1094 3104 minutulis
1118 3035 1286 3103 elementis

111 3149 146 3210 et
178 3142 328 3229 apicibus
358 3145 482 3230 exiguis
522 3145 731 3225 coherentia,
763 3146 890 3211 nomine
926 3166 1044 3230 parva,
1070 3166 1106 3209 re
1135 3143 1285 3223 maxime,

112 3250 297 3317 trivialibus
312 3251 439 3316 artibus
464 3252 705 3336 comprehensa,
723 3272 793 3335 quae
817 3253 999 3317 necessario
1024 3250 1066 3315 ad
1082 3256 1149 3316 tam
1164 3248 1285 3314 arduas

111 3378 164 3423 res
182 3356 409 3440 intelligendas
426 3363 622 3424 concurrunt
638 3363 671 3423 et
687 3356 755 3422 sine
772 3357 890 3441 quibus
906 3357 1029 3425 frustra
1040 3357 1074 3422 in
1089 3355 1286 3423 tamsanotis

111 3461 217 3528 literis
244 3462 409 3528 sudamus.
444 3464 564 3528 Eorum
589 3483 660 3528 cum
684 3462 826 3528 viderem
850 3485 978 3548 quoque
1009 3461 1192 3529 habendam
1216 3483 1287 3529 esse

116 3568 278 3634 rationem
295 3590 358 3635 non
379 3569 571 3652 neglectam,
582 3569 680 3633 etiam
696 3568 738 3634 ad
761 3569 834 3652 ipsa
857 3569 1001 3635 studium
1025 3590 1131 3634 meum
1155 3568 1286 3635 contuli.

114 3674 159 3742 Et
187 3676 246 3757 ita,
275 3682 313 3741 ut
336 3675 476 3741 universi
508 3675 652 3754 cernitis,
693 3675 725 3739 in
753 3680 850 3740 aetate
878 3681 1032 3759 provecta
1055 3673 1285 3758 grammaticus

110 3781 285 3849 hebraicus
315 3781 416 3861 evasi,
449 3781 578 3866 quando
608 3802 672 3845 non
702 3786 752 3846 est
777 3779 870 3845 nobis
893 3779 926 3844 in
949 3779 1009 3845 hoo
1041 3779 1163 3845 Sueviae
1191 3776 1286 3844 terri·

110 3890 196 3956 torio
219 3887 408 3955 Judaeorum
432 3889 538 3972 copia,
570 3887 687 3972 quibus
710 3885 966 3971 praeceptoribus
990 3891 1023 3950 et
1046 3906 1183 3968 quorum
1208 3905 1286 3969 quo·

107 3995 234 4062 tidiano
258 3994 420 4079 colloquio
443 4001 618 4060 uteremur.
649 3978 787 4078 Jamque
810 3991 935 4076 gaudeo
957 3990 1131 4075 plurimum
1156 4010 1194 4055 eo
1210 4011 1286 4056 ven·

107 4109 178 4169 tum
197 4123 279 4182 esse,
301 4107 339 4167 ut
353 4100 432 4164 mibi
456 4100 554 4165 liceat
583 4099 694 4183 gravia
717 4119 789 4164 cum
813 4097 937 4162 levibus
954 4101 987 4161 et
1010 4095 1179 4162 sericeum
1197 4094 1284 4163 ludis

694 4245 712 4278 ’k

289 4337 441 4391 Extremum
460 4336 527 4391 liber
546 4337 589 4388 hic
607 4337 771 4386 consummat
789 4333 838 4386 rite
857 4331 974 4385 laborem

328 4429 416 4479 sermo
437 4425 616 4479 voluminibus
635 4427 758 4490 quattuor
777 4423 826 4474 istc
845 4427 924 4491 potet.
