2798 4980
122 92 256 179 quidem
289 97 450 163 communi
480 97 685 165 literatorum
717 99 930 170 incommodo.
976 101 1066 170 Solet
1093 104 1177 172 enim
1200 105 1287 190 plae-

123 221 262 286 rumque
285 202 406 287 pituita
430 204 476 269 eis
499 204 554 289 qui
578 204 682 270 literis
705 211 782 271 sunt
797 207 909 288 dediti,
931 208 1116 291 molestare,
1139 210 1227 295 quod
1248 232 1289 276 ex

122 305 270 372 Marsilio
292 306 433 374 Ficiu0¹
461 308 494 374 in
518 309 606 375 suo²
630 310 669 374 de
693 310 815 395 triplici
838 313 904 377 rita
926 314 1081 399 opusculo
1104 313 1192 381 haud
1213 335 1286 381 oon·

119 412 295 478 temnendo
328 412 340 452 ³
378 413 462 480 scire
485 414 630 498 potuisti
676 416 765 480 Dens
789 415 937 500 Optimus
960 418 1136 499 Maximus,
1167 439 1188 484 a
1223 439 1286 503 quo

119 516 225 583 omnis
252 518 393 599 medela,
417 519 532 598 faciat,
561 526 599 585 ut
628 540 726 605 quam
756 521 896 605 primum
928 523 1061 590 sanitati
1091 523 1284 603 restituaris,

117 627 155 688 ut
178 623 298 689 nedum
321 624 400 690 mihi
421 632 458 690 ut
480 625 643 708 polliceris
667 625 841 710 aliquando
865 627 1020 711 prodesse
1035 627 1150 712 possis,
1172 647 1284 693 rerum

118 727 219 792 etiam
249 728 312 793 toti
353 729 509 796 ecclesiae
549 729 737 795 catholicae.
793 731 955 810 Quantam
999 732 1083 798 enim
1120 732 1285 816 jacturam

119 831 218 914 (citra
251 833 471 900 adulationem
505 835 633 920 loquor)
672 836 845 901 immatura
885 842 943 902 tua
981 857 1069 903 mors
1109 833 1283 903 universali

117 937 275 1003 ecclesiae
306 938 449 1005 allatura
481 941 541 1019 sit,
576 960 670 1004 nemo
697 941 825 1024 ignorat
857 942 918 1007 nisi
946 941 1114 1008 literarum
1141 941 1282 1025 ignarus.

117 1042 261 1108 Rursum
291 1065 368 1109 vero
401 1050 558 1129 quantum
596 1046 663 1110 vita
692 1045 808 1110 comite
844 1047 945 1112 sacris
979 1045 1083 1112 literis
1113 1044 1282 1129 invigilans

119 1146 279 1232 prodesse
305 1150 410 1233 possis
424 1230 426 1234 Ι
439 1149 503 1215 dici
525 1171 588 1215 uon
611 1156 736 1233 potest,
760 1151 963 1234 potissimum
984 1155 1078 1215 tanta
1101 1149 1282 1216 eruditione

118 1257 153 1318 et
182 1251 366 1337 linguarum
390 1253 579 1337 pluralitate
603 1254 736 1338 pollens.
783 1256 850 1338 Ego
874 1274 961 1333 sane,
989 1259 1026 1320 ut
1048 1255 1144 1337 petis,
1165 1275 1225 1338 pro
1248 1259 1281 1319 te

119 1357 306 1441 dignissime
329 1361 394 1440 vir,
425 1380 518 1425 orare
554 1380 652 1444 quam
681 1358 866 1424 fidelissime
904 1379 968 1424 non
1002 1356 1136 1423 cessabo
1152 1358 1176 1420 ⁴.
1234 1358 1282 1422 Tu

117 1483 194 1528 rero
219 1463 276 1528 ubi
299 1464 473 1529 sanitatem
489 1465 731 1547 recuperaveris
741 1462 763 1543 ⁵,
787 1463 987 1529 secularibus
1010 1461 1205 1545 posthabitis
1228 1482 1282 1526 ne·
1309 1516 1311 1523 ,

117 1568 228 1651 gociis,
250 1568 294 1633 ad
317 1569 441 1634 divinas
465 1568 625 1634 eruendas
649 1570 826 1651 scripturas
851 1574 938 1633 totus
966 1565 1132 1633 incumbas
1154 1586 1278 1650 precor.

117 1672 233 1739 Audeo
258 1672 342 1737 enim
366 1672 426 1738 hoo
441 1673 519 1738 mihi
534 1673 681 1757 polliceri
697 1673 725 1738 si
742 1674 801 1738 tali
817 1679 849 1738 te
870 1671 1049 1738 firmaveris
1066 1672 1078 1710 ⁶
1101 1671 1278 1755 proposito,

118 1777 293 1843 sanitatem
329 1777 389 1843 tibi
421 1778 609 1863 propediem
643 1779 703 1843 deo
743 1778 901 1861 largiente
937 1796 1149 1843 reversuram.
1197 1774 1278 1840 Vale

117 1882 305 1949 doctissime
338 1883 386 1947 rir
416 1887 450 1948 et
476 1904 544 1963 me,
566 1890 604 1948 ut
635 1883 729 1963 lacis,
766 1904 840 1949 ama
857 1882 878 1947 ⁷.
922 1883 972 1947 Ex
1001 1880 1207 1948 Otthenbura
1238 1885 1278 1946 12

114 1988 231 2054 Kalen.
256 1987 453 2054 Februarias
479 1993 574 2054 1510.

211 2101 226 2155 1
246 2118 288 2150 =
303 2097 529 2172 Ellenbogsches
544 2098 721 2170 manuscript
735 2095 784 2156 fol.
804 2092 897 2157 65⁸³>
912 2095 962 2154 lib.
979 2096 994 2154 l
1009 2112 1053 2170 ep.
1072 2097 1127 2169 753
1153 2098 1172 2155 2
1190 2115 1232 2150 -·
1247 2095 1279 2154 G.
1301 2174 1305 2181 ι

114 2219 145 2263 v.
164 2218 190 2262 e.
207 2195 257 2277 gb;
282 2205 301 2263 3
321 2224 363 2255 =
379 2203 407 2262 J.
425 2220 452 2262 r.
469 2219 494 2262 e.
513 2203 541 2262 h.
557 2196 620 2274 iiib3
646 2205 666 2260 4
681 2221 724 2253 =
741 2201 772 2262 G.
787 2220 815 2263 r.
833 2201 966 2263 ansol.
985 2196 1054 2261 471³.

638 2384 767 2450 exlio.

189 2473 225 2542 (a)
1002 2474 1013 2519 1
1034 2470 1107 2520 uara
1126 2471 1245 2535 (saror).

361 2576 568 2652 Erasmus8
594 2577 800 2652 Reuchlino
828 2600 893 2648 suo
922 2571 959 2648 S.
989 2573 1033 2646 D.

206 2727 279 2793 Jam
296 2724 309 2763 ⁹
326 2723 374 2790 bis
390 2726 433 2789 ad
449 2730 482 2790 te
505 2725 630 2807 scripsi,
652 2723 802 2789 fortassis
824 2720 1036 2804 negligentius
1060 2739 1157 2804 quam
1172 2718 1282 2785 decuit

110 2832 312 2901 adtentum
336 2831 448 2910 virum,
472 2830 528 2895 sed
552 2835 660 2894 tamen
684 2829 786 2892 amice
810 2825 1072 2909 simpliciterque.
1117 2825 1161 2888 At
1184 2829 1220 2888 tu
1240 2843 1281 2889 nc

192 3038 203 3084 l
224 3034 279 3084 Dus
298 3033 453 3098 angeldhrte
474 3032 544 3081 work
564 3047 616 3081 von
638 2962 771 3079 Mardilius
790 3029 897 3078 Ficinus
916 3028 951 3078 ist
974 3024 1034 3076 sehr
1060 3025 1151 3091 hsufig
1169 3023 1282 3076 crsehic·

111 3136 183 3183 nen;
211 3121 253 3172 dis
278 3120 372 3171 tlteste
396 3120 513 3186 ausgabe
541 3121 575 3169 ist
601 3118 670 3167 wohl
695 3118 737 3166 die
762 3116 831 3166 ohne
855 3115 923 3177 titel;
951 3115 978 3164 in
998 3113 1035 3164 kl.
1059 3112 1114 3175 lot,
1139 3129 1180 3162 am
1204 3112 1283 3161 ende:

111 3210 253 3276 Impressit
281 3225 314 3259 ex
341 3208 485 3274 archetypo
514 3208 644 3257 Antonius
672 3205 863 3255 Mischomiuus
885 3204 889 3269 Ι
913 3203 1051 3253 Florentiae
1079 3202 1155 3250 Anno
1188 3200 1284 3250 salutis

112 3296 375 3349 Mccecaxxxrx
397 3298 401 3362 Ι
421 3296 510 3346 'lertio
534 3295 625 3345 Nonas
650 3293 785 3344 Decembr.
807 3293 950 3359 {darunter
975 3290 1021 3341 das
1048 3287 1284 3340 bucbdruckcrnei·

114 3386 198 3438 chen.
259 3389 273 3434 2
293 3385 320 3433 iu
340 3383 398 3451 suo]
416 3383 548 3450 platonico
567 3383 615 3432 illo
635 3381 791 3448 philosopho
813 3385 854 3430 2..
873 3385 897 3429 4.
961 3382 976 3429 3
996 3376 1076 3427 lruud.
1096 3381 1165 3427 cont.
1184 3374 1283 3440 opusc]

113 3471 273 3539 opusculum
299 3469 609 3529 haudcoutemueudum
635 3470 726 3536 legens
747 3474 790 3518 2..
810 3473 834 3518 4.
908 3471 993 3516 lnou
1014 3463 1091 3530 cesa]
1111 3460 1180 3528 apud
1207 3461 1284 3511 deum

114 3575 172 3611 non
196 3558 318 3611 desistam
345 3565 385 3610 2,.
412 3565 436 3610 4.
509 3563 525 3610 b
553 3559 649 3625 recep]
674 3555 869 3622 recuperaveris
896 3557 937 3603 2..
957 3556 981 3601 4.
1063 3552 1077 3600 6
1101 3548 1182 3599 tali..
1208 3547 1283 3615 firm]

113 3647 283 3714 ejusmodi..
302 3649 444 3699 armaveris
469 3651 509 3697 2..
529 3650 553 3696 4.
632 3651 645 3694 7
669 3645 763 3694 doct..
783 3659 842 3693 arna
861 3640 972 3707 ausgel,
991 3637 1081 3688 defrir:
1101 3636 1176 3688 loelix
1199 3640 1240 3687 2..
1260 3641 1284 3686 4.

113 3738 217 3788 Datum
235 3735 337 3802 ausgel.
360 3740 382 3786 l.
420 3736 470 3784 llio
496 3733 707 3798 ahweichungen
733 3733 760 3781 in
781 3733 849 3781 a..4
871 3727 931 3777 sind
950 3726 1048 3786 derart,
1075 3724 1136 3774 dass
1161 3739 1223 3774 man
1241 3738 1285 3772 sn-

112 3823 231 3877 nehmen
249 3838 335 3885 muse,
362 3821 467 3872 Ellsnb.
486 3819 553 3871 habe
573 3821 663 3870 seinsn
682 3819 764 3881 brief,
792 3817 872 3868 hevor
894 3832 922 3864 er
947 3814 992 3863 ibn
1018 3811 1192 3878 abgeschiclrt
1210 3810 1286 3874 habe,

111 3913 191 3967 surh
219 3911 376 3963 verbssscrt.
449 3911 465 3959 8
490 3892 563 3958 llber
586 3909 711 3958 Erasmus
735 3905 789 3971 vgl.
815 3903 857 3953 die
882 3907 1008 3952 neuosten
1031 3900 1158 3951 schrilten
1178 3898 1287 3950 Dursnd

112 4001 151 4061 de
169 4000 267 4053 Laurs:
288 3998 362 4050 Puris
378 3999 453 4062 1872,
474 3995 555 4049 luel.
575 3994 628 4047 und
642 3992 816 4046 Drummoud:
837 3989 947 4045 London
963 3989 1039 4054 1873,
1059 3993 1073 4038 2
1094 3987 1146 4038 rol.
1202 3989 1217 4038 9
1238 3986 1287 4035 Die
