2798 4980
667 296 729 365 106

114 488 234 557 cortice
257 487 370 556 rehcto
393 488 492 556 altius
515 485 690 555 medullam
714 487 905 573 pollicetur,
928 507 969 554 ea
991 487 1070 555 solis
1091 491 1209 572 perata
1230 490 1273 554 est

113 721 184 784 guae
199 698 391 766 hominibus.
430 701 500 778 Quo
523 701 625 784 magis
640 701 828 766 Latinorum
852 700 980 784 aliquos
999 700 1181 765 demiratus
1202 718 1272 778 sum,

113 806 201 890 quod
224 828 258 872 se
282 806 605 890 interpretationibus
621 806 735 872 Bibliae
758 807 961 890 ingesserunt
984 806 1042 889 qui
1064 825 1124 871 uec
1140 805 1271 871 litteram

113 910 310 978 Hebraicam
333 912 533 997 inspexerint
556 911 703 996 quidem,
730 933 771 977 ne
795 911 901 977 dicam
924 911 1144 994 cognoverint
1188 909 1270 975 Unde

113 1037 218 1081 nonne
242 1017 386 1083 futurum
410 1024 461 1083 est
484 1023 521 1082 ut
544 1018 624 1083 risui
647 1017 823 1084 multorum
839 1022 985 1102 pateant,
1007 1016 1143 1082 tametsi
1164 1015 1269 1081 colum

113 1143 163 1188 nae
186 1121 357 1187 videantur
380 1121 532 1188 ecclesiae.
578 1123 627 1187 Tu
649 1123 765 1206 igitur,
787 1144 862 1189 mea
884 1122 1058 1201 sententis,
1079 1126 1171 1187 recte
1192 1120 1267 1200 lacis,

113 1227 170 1312 qui
192 1226 311 1293 iratres
334 1233 408 1293 tuos
432 1226 583 1307 hortaris,
606 1236 644 1293 ut
666 1228 806 1294 turbidis
828 1248 987 1312 aquarum
1012 1227 1089 1293 rivis
1112 1227 1266 1292 contemtis

113 1332 249 1398 fontium
265 1333 442 1415 puritatem
459 1333 694 1417 amplexentur,
717 1334 751 1398 id
768 1340 819 1400 est
834 1339 871 1399 ut
885 1354 949 1399 uno
973 1332 1076 1398 verbo
1091 1328 1264 1398 concludent

113 1444 151 1503 ut
173 1436 334 1502 Hebraico
357 1438 390 1502 in
414 1439 449 1502 V.
481 1439 699 1518 TestamentO,
732 1446 765 1505 et
788 1439 913 1505 Graeca
935 1439 969 1503 in
990 1438 1081 1504 Novo
1106 1441 1262 1505 sectentm.

114 1542 195 1608 Cum
217 1544 316 1627 igitur
332 1542 536 1629 Neophytum
554 1544 693 1630 aliquem
716 1544 868 1610 hebraice
886 1545 1017 1610 doctum
1041 1549 1159 1609 nactus
1180 1541 1260 1620 luero,

113 1648 156 1715 sd
180 1656 213 1714 te
244 1649 373 1714 mittam
399 1651 426 1729 ¹,
462 1657 499 1715 ut
522 1650 626 1716 sribis.
672 1651 721 1716 Tu
744 1651 870 1715 interea
902 1649 953 1714 fec
977 1647 1080 1715 libros
1104 1647 1259 1715 Hebraicos

112 1761 239 1837 mature
256 1754 420 1835 corrodas,
444 1754 656 1841 undecunque
673 1757 805 1841 poteris.
831 1755 910 1822 Vale
934 1760 967 1822 et
982 1775 1034 1821 me
1058 1775 1142 1820 ama.
1162 1753 1259 1819 Datum

114 1860 217 1927 Ulmae
243 1861 436 1927 5.1d.00t.
464 1866 549 1927 1508

203 1969 364 2031 Gedruekt:
383 1970 541 2030 Schelhoru
557 1966 593 2051 (s.
610 1966 652 2050 o.)
668 1986 691 2031 s.
711 1971 783 2032 594.
803 1973 877 2032 596.

655 2171 738 2239 CIII.

185 2280 321 2347 (Mosen'l)
1032 2281 1063 2330 31
1085 2277 1149 2329 dau.
1171 2277 1235 2327 1501.

114 2383 362 2485 Hieronymus
388 2383 434 2458 de
457 2383 626 2481 Eudmff,
656 2385 785 2459 doctor
807 2396 844 2459 et
867 2383 972 2458 miles
993 2382 1006 2423 ²
1028 2409 1079 2456 an
1100 2377 1261 2456 Reuohlin

114 2547 241 2616 schickt
264 2548 335 2613 eine
369 2548 505 2631 goldeue
528 2555 655 2628 mtiuze,
686 2549 804 2615 welche
828 2548 888 2614 aui
914 2548 973 2613 der
995 2546 1088 2612 einen
1121 2546 1200 2612 seite
1219 2543 1263 2608 dus

113 2654 181 2720 bild
212 2655 299 2720 eines
330 2653 605 2738 lmeuztragendeu
645 2655 762 2735 ldweu‚
797 2655 857 2720 auf
886 2653 945 2719 der
979 2652 1104 2717 andern
1138 2651 1195 2716 das
1221 2648 1265 2712 des

113 2760 251 2826 Petreius
281 2764 385 2844 trdgt,
423 2781 482 2824 aus
515 2759 755 2844 bewunderung
793 2760 847 2826 fiir
881 2757 1053 2825 Reuchlius
1093 2753 1266 2823 hebrdische

115 2865 317 2950 grammatik.
365 2867 409 2930 Er
436 2849 529 2929 habe
545 2867 581 2929 R.
613 2887 672 2932 ver
707 2872 746 2931 10
775 2866 891 2951 jehreu
922 2864 1040 2930 einmal
1070 2861 1202 2946 illichtig
1228 2878 1267 2944 ge

114 2972 231 3051 seben,
259 2973 351 3037 welle
375 2993 440 3036 nun
465 2971 533 3036 sich
557 2972 623 3036 ihm
646 2972 765 3037 wieder
787 2972 820 3036 iu
844 2972 1037 3053 erinnerung
1059 2968 1195 3052 bringen
1215 2959 1268 3032 und

113 3077 211 3159 bitte,
243 3079 284 3144 de
316 3099 352 3143 er
383 3077 450 3143 sich
475 3078 524 3142 als
553 3077 766 3142 kaiserlicher
798 3077 873 3145 reth
904 3076 987 3141 uach
1019 3073 1122 3141 house
1153 3069 1269 3140 zuriiek·

687 3237 705 3275 11

190 3351 199 3395 1
222 3346 333 3413 mittum]
348 3346 441 3410 Splllcr
463 3344 602 3410 entsprueh
622 3343 753 3393 Reuohlin
774 3344 832 3394 dem
853 3342 977 3393 wunsohe
996 3340 1042 3391 dee
1061 3339 1146 3403 ables,
1165 3356 1185 3390 s.
1203 3342 1270 3389 untes

114 3450 169 3484 nro.
192 3433 271 3494 CXV,
289 3432 338 3482 deu
358 3431 502 3498 gesaudten
522 3432 607 3482 lehrer
630 3430 763 3498 empfiehlt
782 3431 851 3481 danu
870 3431 1002 3496 Ellenbog
1022 3429 1081 3479 dem
1100 3425 1205 3479 Conrad
1218 3429 1270 3476 Peu-

116 3523 202 3588 tinger
225 3523 290 3571 1510
316 3537 362 3570 zur
382 3523 591 3586 unterstlitzung.
628 3522 676 3570 Est
700 3520 779 3571 homo
804 3536 837 3570 ex
856 3518 977 3569 Hebraels
1000 3525 1093 3579 natus,
1122 3517 1169 3567 sed
1188 3513 1270 3566 dudum

116 3611 282 3677 baptismatis
301 3609 372 3658 fonte
392 3616 505 3672 renatus,
526 3625 614 3674 quem
631 3608 845 3659 doctissimus
870 3607 929 3656 ille
953 3605 1100 3672 Gspniou
1128 3605 1161 3655 ad
1179 3600 1271 3654 moedi·

114 3702 191 3763 rexit,
211 3708 238 3749 ut
257 3697 374 3748 hebraici
393 3698 521 3748 sermonis
540 3698 784 3764 pronunciationem
804 3697 868 3745 mihi
888 3695 1007 3756 traderet,
1027 3693 1097 3758 quod
1118 3702 1144 3744 et
1155 3708 1200 3761 pet
1213 3704 1273 3743 men·

115 3808 170 3843 uem
202 3804 271 3838 nnnc
304 3785 417 3837 fideliter
445 3786 522 3834 fecit:
560 3787 646 3847 Quum
675 3802 737 3836 vero
768 3785 846 3835 certis
875 3781 1041 3833 obstantibus
1074 3782 1162 3832 esusis
1188 3779 1274 3831 diutior

116 3879 184 3946 apud
208 3893 257 3928 nos
282 3891 360 3941 agere
380 3891 431 3924 nun
451 3875 549 3940 possit,
576 3880 676 3923 tantum
695 3873 777 3922 Tuam
803 3878 922 3938 rogatam
946 3869 1029 3919 hebes
1049 3871 1236 3921 humanitatem
1254 3870 1275 3915 ιιι

115 3968 201 4033 magis
220 3982 271 4017 uon
291 3964 404 4031 possim,
426 3968 554 4028 quatenus
574 3963 597 4011 el
618 3961 766 4025 adjumento
787 3974 845 4008 esse
864 3958 939 4021 velis,
959 3965 987 4009 ut
1006 3959 1144 4008 servitium
1157 3955 1277 4024 quoddam
1307 3957 1314 3974 ¹

116 4051 253 4103 honestum
277 4053 383 4117 assequi
411 4052 501 4118 possit.
542 4051 596 4100 Der
619 4048 690 4100 brief
711 4047 887 4113 ebgedruclrt:
914 4045 1027 4100 Cenredi
1050 4045 1204 4111 Peutlugeri
1228 4044 1278 4103 Ser·

116 4156 207 4190 mones
232 4139 402 4191 Convivales.
440 4138 580 4189 Accedunt
603 4136 728 4202 Epistola
752 4135 857 4186 inedltae
883 4136 914 4186 ed
938 4137 969 4187 G.
993 4136 1034 4185 W.
1055 4134 1128 4200 zapf.
1162 4133 1279 4198 Auguste

120 4229 193 4278 1789.
232 4229 300 4292 Epp.
325 4243 381 4279 nre.
406 4227 457 4276 Vll
481 4243 501 4276 s.
531 4228 579 4276 148
602 4242 641 4290 sq.
716 4229 729 4275 2
756 4225 868 4275 Eudorff
893 4225 955 4274 oder
980 4222 1106 4272 Eudorff‘l
1144 4220 1204 4287 Vgl.
1233 4217 1281 4269 urei

116 4314 243 4365 sobrilteu
264 4315 349 4364 dieses
375 4322 450 4365 senst
468 4331 537 4380 ganz
570 4313 757 4364 uubehenuton
777 4329 885 4364 mannes
915 4311 959 4363 hei
978 4309 1090 4374 Weller,
1115 4309 1282 4382 repertorium

120 4403 349 4476 typographicam.
388 4401 448 4452 Nro.
470 4406 546 4465 2410,
568 4403 644 4464 3386,
665 4404 741 4455 3387.
