2798 4980
671 338 733 405 132

632 529 773 595 CXXV⁸.

189 635 329 700 Essliugcu
342 638 359 687 ¹.
1044 639 1076 686 10
1095 638 1156 702 Apr.
1176 639 1238 688 11111.

113 747 278 824 Joannes
311 748 494 822 Reuchlin
522 735 741 822 Phoreensis
767 746 930 820 Nioolao
966 745 1156 851 Ellenbog
1180 751 1211 827 S.
1234 752 1262 825 d.

206 896 338 961 Accedit
369 895 411 960 ad
450 903 483 960 19
511 895 757 979 presentiarum
788 914 934 959 mearum
965 894 1137 962 literarum
1162 898 1265 984 bajulos

118 999 253 1066 hortatu
277 1023 349 1065 meo
381 1001 514 1066 iudaeus
545 1008 578 1064 et
608 1020 725 1083 genere
756 1005 789 1063 91
816 998 967 1065 doctrina
993 1023 1094 1085 quem
1125 1003 1181 1069 tibi
1203 1023 1266 1088 pre

115 1104 187 1171 licio
211 1105 436 1171 hebraicarum
461 1106 629 1170 literarum
653 1105 819 1170 doctorem
835 1104 863 1169 si
880 1104 959 1170 velis
977 1113 1013 1171 91
1028 1114 1183 1191 qnantum
1196 1107 1264 1173 19119

117 1210 209 1288 Quod
238 1211 265 1275 si
293 1231 393 1293 opera
423 1218 481 1275 tua
508 1231 588 1293 opus
620 1209 733 1289 luerit,
763 1217 867 1275 utere.
913 1208 982 1274 Nec
1019 1212 1264 1278 contemnendum

115 1321 228 1399 putes,
262 1316 349 1399 quod
377 1315 519 1380 nondum
550 1335 726 1380 conversus
751 1313 795 1378 ad
819 1320 965 1379 nostram
988 1314 1089 1381 fidem
1112 1324 1173 1396 est,
1193 1323 1264 1383 tanto

117 1421 202 1485 enim
226 1420 395 1484 humanius
418 1442 438 1484 a
461 1420 554 1485 uobis
578 1419 771 1485 tractandus
796 1419 905 1499 1119111,
928 1426 975 1501 111,
1000 1421 1123 1488 nostris
1144 1421 1264 1487 moribus

118 1531 151 1589 et
175 1524 328 1607 operibus
352 1525 444 1590 bonis
467 1524 627 1603 inductus,
651 1524 814 1590 alliciatur
836 1525 878 1590 ad
901 1547 936 1591 se
960 1528 1205 1611 praeparandum
1218 1527 1264 1591 deo

119 1627 340 1695 habitandum.
389 1630 513 1694 Poterit
535 1629 634 1712 igitur
657 1637 689 1694 19
713 1636 851 1713 tuosque
874 1631 995 1697 fratros
1026 1632 1143 1697 docere
1166 1639 1264 1717 quanto

118 1739 264 1819 tempore
289 1736 377 1800 voles
401 1734 487 1800 baud
510 1734 620 1799 multis
644 1735 792 1818 expensis
816 1742 849 1800 91
871 1757 954 1819 pene
970 1736 1063 1802 nullo
1086 1759 1158 1803 cum
1178 1757 1263 1802 onere.

121 1838 199 1904 Vale
224 1862 263 1904 cx
287 1840 476 1923 Esselingeu
500 1846 519 1903 4
543 1839 617 1904 idus
640 1839 770 1923 Aprilis.
1120 1823 1124 1830 ’

206 1945 295 2028 Rogo
326 1953 358 2010 19
383 1968 475 2022 1919,
500 1952 537 2008 111
559 1945 586 2008 91
611 1965 649 2008 99
672 1944 722 2008 1111
749 1943 907 2024 nolueris,
942 1945 1154 2013 nihilominus
1179 1955 1264 2013 1911191

117 2048 257 2131 digneris
282 2053 309 2114 ei
333 2049 571 2134 aliquantulum
594 2049 712 2133 peculii
732 2049 860 2114 nomine
876 2050 986 2117 viatici
1001 2051 1184 2117 humaniter
1197 2051 1262 2117 elar-

118 2155 188 2237 giri,
213 2160 250 2217 ut
273 2156 398 2243 itineris
420 2155 462 2220 ad
487 2161 519 2220 19
544 2153 637 2219 labor
660 2160 896 2237 compensetur.

208 2263 280 2321 Msc.
298 2263 442 2339 Ellenbog
456 2264 506 2323 lib.
525 2264 561 2339 11,
579 2267 662 2338 epist.
682 2268 709 2325 1.
726 2263 775 2326 fol.
792 2267 844 2324 89.

634 2438 775 2505 CXXVI.

189 2527 359 2577 Ottoheuren.
825 2564 828 2568 -
1030 2530 1064 2579 29
1084 2529 1154 2594 Aug.
1174 2529 1238 2578 lbll.
1304 2474 1307 2501 1

165 2621 292 2696 Frater
319 2622 495 2696 Nicolaus
524 2621 712 2722 Ellenbog
738 2622 765 2697 J
766 2623 880 2696 oanni
906 2623 1095 2698 Reuchlin
1123 2624 1166 2711 S.
1188 2622 1218 2698 d.

156 2792 160 2799 ·
203 2746 364 2813 Constitui
394 2753 444 2825 19,
482 2746 622 2812 virorum
661 2746 890 2811 humanissime
923 2746 1186 2832 doctissimeque,
1211 2745 1264 2829 jan
1305 2762 1307 2789 ⁵

117 2852 241 2919 dudum
273 2852 455 2917 debitorem
495 2872 611 2917 meum.
667 2850 701 2916 Si
737 2851 855 2934 quaeris
894 2851 1048 2936 quando?
1088 2852 1190 2917 habco
1213 2866 1265 2939 ‘ego

118 2980 246 3043 semper
269 2957 459 3023 memoriam
483 2957 532 3021 tui
556 2955 633 3021 dnm
656 2954 739 3020 facio
763 2956 902 3020 missam.
949 2954 1044 3032 Quod
1067 2956 1096 3021 si
1120 2973 1265 3040 ergonou·

116 3064 195 3129 nihil
218 3085 238 3128 a
261 3070 294 3129 te
318 3063 444 3147 petiero
468 3069 501 3126 te
525 3061 656 3143 dignum
680 3067 715 3125 91
737 3061 815 3125 mihi
838 3059 1015 3125 admodum
1038 3055 1181 3144 gratum,
1204 3060 1264 3145 juro

117 3168 277 3252 denegare
300 3188 364 3232 non
387 3166 518 3231 valebis.
564 3166 658 3243 Quod
681 3171 790 3230 autem
813 3187 833 3230 a
857 3173 889 3231 19
914 3173 989 3248 peto
1013 3167 1080 3232 tale
1105 3174 1164 3232 991

207 3271 328 3337 Scribis
351 3273 383 3336 in
408 3270 549 3337 secundo
565 3270 648 3335 libro
665 3271 704 3334 de
722 3271 818 3336 verbo
834 3268 968 3336 mirifico
986 3271 998 3309 ²
1022 3272 1063 3337 de
1079 3273 1170 3338 scala
1183 3266 1265 3337 Jacob

117 3383 151 3442 et
174 3377 379 3459 septuaginta
402 3377 529 3442 dnobus
553 3375 707 3459 gradihus
731 3377 801 3460 ejus
825 3380 858 3440 et
882 3375 1019 3441 totidem
1035 3378 1159 3460 augelis
1174 3394 1264 3441 ascen·

117 3480 268 3547 dentibus
292 3487 325 3546 et
348 3480 620 3548 descendentibus
644 3482 772 3547 scalam.
819 3481 923 3546 Velim
945 3481 1058 3566 itaque
1075 3488 1110 3548 et
1126 3487 1266 3568 quantun

117 3607 249 3671 possum
280 3592 312 3651 te
336 3607 413 3669 rogo
438 3594 471 3652 et
494 3586 643 3667 obsecro,
667 3594 705 3651 ut
729 3592 769 3651 72
794 3587 959 3671 signacula
983 3606 1055 3671 quae
1087 3610 1128 3652 ex
1152 3593 1265 3652 12191-

116 3693 207 3760 sibus
237 3691 383 3776 psalterii
414 3692 608 3776 colliguntur
630 3693 709 3757 mihi
732 3693 885 3774 assignes.
931 3692 1001 3757 Hoc
1024 3693 1053 3757 si
1076 3692 1190 3759 feceris
1209 3708 1266 3755 ren

115 3798 194 3864 mihi
217 3798 390 3863 admodum
414 3805 539 3880 gratam
562 3798 670 3863 facies.
708 3798 776 3864 Nec
798 3799 877 3862 item
893 3797 990 3861 inerti
1006 3802 1040 3861 et
1054 3799 1148 3882 pigro
1163 3797 1266 3864 talento

113 3907 174 3972 hoc
202 3912 234 3971 19
262 3904 461 3971 traditurum
488 3910 613 3987 putato.
660 3904 752 3969 Dabo
786 3903 870 3969 enim
900 3924 1050 3987 operam,
1089 3916 1129 3970 ut
1163 3902 1267 3970 nedum

112 4011 193 4077 illud
217 4032 280 4076 non
303 4008 482 4089 suffodiam,
506 4009 563 4074 sed
587 4015 625 4073 ut
647 4029 721 4074 cum
743 4008 866 4076 foenore
888 4008 969 4072 illud
992 4006 1140 4075 reddam.
1183 4006 1269 4092 Cupio

187 4190 197 4236 1
221 4187 248 4237 R.
262 4186 359 4236 boland
376 4187 433 4237 sich
452 4185 509 4237 hier
522 4123 737 4237 vermuthlicliin
750 4185 928 4252 forschungeu
948 4185 1015 4235 nach
1029 4186 1226 4238 hundschrilteu
1236 4182 1273 4234 deu
1305 4178 1307 4187 '

114 4274 299 4341 Hieronymus,
312 4290 333 4325 s.
347 4291 369 4325 o.
384 4291 439 4325 nro.
455 4274 573 4325 cxxln.
604 4275 672 4326 Duss
687 4274 814 4325 Reuchlin
829 4275 896 4325 noch
910 4275 938 4323 in
951 4273 1105 4324 demselben
1116 4284 1206 4327 mouet
1217 4271 1273 4324 noch

115 4360 272 4427 Reutliugen
289 4377 349 4411 zum
369 4362 459 4413 kaiser
477 4364 564 4426 reiste,
585 4365 621 4414 191
635 4363 764 4413 Reuchlin
784 4379 804 4413 s.
824 4367 873 4413 241
892 4364 927 4429 fg.
940 4365 1055 4428 gczeigt.
1114 4367 1129 4413 2
1151 4365 1191 4415 De
1208 4379 1232 4414 1.
1247 4376 1275 4411 nr·

115 4450 166 4516 (ed.
180 4452 247 4523 1514
267 4465 281 4500 9
301 4450 316 4501 6
336 4450 386 4516 fg);
404 4450 506 4502 11111199
524 4452 560 4501 im
578 4458 634 4502 text
647 4452 771 4522 fulgendo
790 4452 847 4501 doe.
866 4453 879 4501 1
895 4452 926 4501 5⁸
940 4450 992 4501 und
1005 4449 1038 4500 de
1052 4466 1075 4501 9.
1090 4466 1113 4502 9.
1128 4452 1177 4505 191.
1189 4451 1244 4503 mx
1254 4447 1277 4500 1.
