2798 4980
674 313 714 379 71

111 500 263 568 ciationis
295 501 484 569 divisionem
507 501 652 582 admitti,
681 508 835 570 manente
868 458 1059 589 diphthongi
1089 510 1297 603 quantitate,

112 614 153 672 ut
182 608 377 675 Ptolemaeus
403 610 593 692 Euergetes,
620 609 768 687 Bacchus
798 609 898 676 Euius
913 612 933 674 ¹.
986 612 1029 677 Et
1059 613 1212 696 Virgilius
1248 617 1281 681 in

113 720 230 779 octavo
241 715 324 780 Tum
335 721 430 798 pater
445 714 618 784 Euandrus
634 715 784 781 dextram
802 716 987 801 complexus
1004 719 1110 791 euntis
1125 720 1145 784 ².
1166 721 1283 787 Hand⁸
1353 778 1356 783 .

113 841 210 886 secus
233 825 331 905 atque
354 821 387 883 in
411 841 454 885 au
469 819 667 904 diphthongo
688 820 839 893 accidere
856 822 990 902 assolet,
1015 828 1067 889 ut:
1092 824 1283 911 gaudeoga-
1341 806 1345 813 ¹

115 926 214 1006 visus,
239 933 272 991 et
296 926 494 991 econtrario
517 925 596 1005 aris,
620 947 750 1009 auceps.

207 1031 289 1109 Quid
320 1037 429 1096 autem
459 1052 557 1115 super
580 1031 847 1115 metamorphosi,
868 1033 1015 1113 sentiam,
1047 1058 1175 1121 quoque
1198 1037 1282 1105 tales

115 1137 276 1203 dictiones
299 1143 437 1202 accentu
460 1136 666 1220 pronunciari
685 1136 834 1217 debeant,
859 1145 947 1204 certe
963 1140 1158 1223 permultum
1173 1141 1283 1222 refert,
1302 1144 1312 1165 ⁸
1387 1162 1391 1169 ·

113 1264 222 1326 graeca
245 1242 344 1308 latine
368 1242 446 1307 velis
471 1241 577 1306 dicere
602 1263 643 1306 an
666 1263 781 1325 graece.
820 1243 903 1306 Nam
920 1245 947 1308 si
962 1249 1071 1327 togam
1088 1247 1133 1310 eis
1148 1248 1282 1311 latinam

114 1347 241 1427 induas,
266 1368 399 1413 romana
422 1346 600 1413 servabunt
623 1354 802 1432 praecepta,
828 1354 865 1412 ut
888 1348 1003 1432 quibus
1026 1350 1133 1416 brevis
1157 1357 1206 1417 est
1228 1374 1284 1435 pe·

113 1454 262 1533 nultima,
294 1453 345 1517 his
368 1459 483 1517 acutus
514 1453 547 1516 in
576 1453 864 1538 antepenultimam
889 1453 986 1519 cadat
1009 1462 1171 1536 accentus,
1194 1457 1282 1523 velut

113 1559 185 1625 haec
209 1559 375 1625 Dorothea
394 1559 408 1597 4
430 1559 525 1643 hujus
549 1558 734 1638 Dorotheou,
758 1558 810 1622 hio
835 1558 1037 1640 Timotheus,
1060 1560 1154 1644 hujus
1177 1559 1282 1626 Timo-

114 1666 193 1744 thei,
216 1665 268 1730 hic
293 1663 452 1742 Socrates,
475 1662 568 1748 hujus
594 1663 747 1743 Socratis,
770 1663 821 1733 hio
837 1662 1062 1747 Hippocrates,
1085 1665 1180 1749 hujus
1203 1664 1281 1750 Hip-

113 1769 269 1855 prioratis,
292 1770 344 1834 hic
361 1769 562 1847 Aristdteles,
586 1769 681 1853 hujus
700 1766 894 1847 Aristotelis,
917 1768 970 1834 hic
986 1770 1171 1850 Praxiteles,
1187 1770 1281 1855 hujus

114 1874 298 1940 Praxitelis.
346 1874 449 1939 Aliter
473 1875 557 1938 enim
581 1895 620 1939 es
643 1875 670 1938 si
694 1895 796 1958 graece
819 1873 966 1956 proferas
982 1873 1160 1957 penultima
1176 1877 1282 1940 veniet

114 1979 258 2045 elevata:
282 1980 349 2044 heae
374 1979 539 2045 Dorothea
562 1979 657 2063 hujus
682 1978 872 2057 Dorotheus,
896 1978 948 2043 hic
969 1977 1163 2059 Timotheos,
1187 1979 1281 2064 hujus

114 2084 295 2164 Timotheu,
312 2086 363 2150 hic
381 2085 523 2151 Socratis
543 2084 565 2163 ⁵,
595 2072 690 2168 hrijus
708 2084 870 2163 Socratas,
886 2083 937 2149 hic
953 2084 1170 2168 Hippocratis,
1187 2085 1281 2170 hujus

113 2191 353 2274 Hippocrdtus,
386 2191 439 2273 hic
469 2188 675 2269 Aristotelis,
704 2189 800 2273 hujus
831 2188 1036 2280 Aristotelus.
1088 2191 1125 2255 In
1163 2191 1280 2275 quibus

112 2317 193 2361 vero
223 2297 401 2380 penultima
430 2297 553 2380 syllaba
585 2295 751 2378 reperitur
782 2295 893 2378 longa,
923 2317 962 2361 ea
992 2296 1019 2360 si
1048 2317 1152 2379 graeco
1181 2296 1279 2380 pallio

113 2402 229 2485 cupias
252 2403 375 2481 ornari,
399 2402 577 2486 spectanda
599 2402 708 2465 reniet
732 2400 846 2465 ultima
869 2400 1007 2484 syllaba,
1041 2406 1112 2485 quaa
1135 2401 1162 2466 si
1185 2402 1281 2486 longa

111 2508 227 2586 fuerit,
261 2514 414 2574 accentus
446 2506 644 2573 exaltabitur
671 2507 703 2569 in
734 2506 920 2589 penultima.
975 2506 1028 2570 Sin
1058 2528 1131 2572 vero
1164 2507 1279 2587 brevis,

111 2613 254 2678 levanda
277 2618 327 2677 est
349 2619 445 2678 acuto
470 2634 548 2678 sono
572 2611 828 2695 antepenultima
854 2617 886 2675 et
910 2611 957 2676 ita
980 2612 1011 2675 in
1035 2611 1212 2696 barytonis.

205 2720 252 2783 De
276 2718 412 2783 historia
435 2724 469 2783 et
492 2717 614 2801 sophia,
638 2717 722 2783 sieut
745 2716 783 2781 de
808 2717 903 2799 papia
926 2723 960 2780 et
979 2716 1180 2800 philosophia
1196 2739 1280 2782 com-

111 2844 244 2889 munem
278 2845 370 2889 usum
408 2845 477 2888 esse
509 2822 778 2888 considerandum
810 2821 996 2885 Priscianus
1025 2820 1279 2887 Caesariensis⁶

111 2931 147 2994 in
172 2928 252 2994 libro
282 2927 323 2993 dc
350 2928 539 2994 accentibus
562 2928 717 3012 praecipit.
764 2926 811 2990 Tu
836 2945 910 2990 vero
935 2925 1079 3008 ejusdem
1104 2925 1278 3008 diligentur

111 3034 186 3118 lege
220 3040 417 3118 praeceptum
451 3034 485 3097 in
517 3034 600 3099 libro
638 3032 781 3098 secundo
812 3030 892 3096 artis
923 3031 1140 3108 grammaticae
1173 3032 1279 3116 eapite

112 3146 228 3205 octavo
261 3139 300 3204 de
328 3141 511 3223 possessivo
537 3140 557 3219 ⁷,
593 3138 649 3205 ubi
681 3137 786 3203 tradit
814 3136 846 3200 in
878 3135 994 3220 quibus
1026 3136 1036 3198 i
1066 3135 1278 3220 penultimam

111 3266 229 3330 puram
246 3244 425 3324 producant
444 3243 591 3310 Romani.
638 3245 799 3310 Oaeterum
825 3261 896 3326 quae
918 3240 1128 3325 penultimam
1151 3241 1279 3327 longam

113 3351 299 3436 quantitate
322 3350 461 3430 habent,
486 3371 564 3439 eam
587 3371 716 3433 semper
745 3349 890 3427 elevant,
918 3346 980 3412 nisi
1011 3346 1054 3411 sit
1077 3345 1089 3385 ⁸
1121 3347 1278 3430 quaedam,

113 3536 141 3580 ct
160 3529 237 3580 debet
258 3546 273 3579 a
292 3529 318 3577 in
338 3527 454 3578 secunda
471 3527 576 3593 syllaba
595 3467 729 3577 nonensis.
749 3533 814 3577 teste
833 3507 936 3576 Joanne
957 3525 1101 3575 Phoreansi
1125 3531 1151 3574 ct
1170 3525 1278 3576 Bebelio

112 3618 149 3684 (l)
169 3620 218 3684 3⁸).
257 3620 311 3668 Ans
335 3618 380 3667 der
403 3617 497 3667 schrift
515 3618 545 3665 In
569 3617 655 3665 Horas
674 3613 766 3666 diricas
786 3614 901 3664 Illustris
922 3612 1064 3679 (Redolphi
1083 3613 1178 3678 Langij
1200 3620 1278 3679 poete

113 3707 237 3758 Laurenti
262 3704 423 3755 ornatissimi
440 3704 638 3770 'explalnatio
666 3705 744 3754 Patri.
770 3720 795 3753 n.
824 3701 976 3768 Drolshagij
1004 3701 1046 3766 (11
1078 3701 1182 3765 cailan).
1221 3702 1278 3751 Am

112 3795 191 3846 ende:
212 3795 284 3845 Finis
297 3810 343 3860 per
362 3809 402 3844 me
414 3791 572 3843 Richardum
585 3793 683 3859 patrant.
715 3794 791 3842 Anno
811 3791 853 3841 dei
866 3789 1058 3856 M.GCGGG.Y.
1079 3787 1181 3838 decima
1200 3795 1276 3841 sexta
1331 3829 1333 3833 ⁷

114 3885 222 3950 Aprilis.
261 3883 283 3931 Δ
306 3885 321 3932 8
340 3882 360 3931 Β
380 3887 394 3932 4
416 3881 435 3932 G
456 3884 470 3931 6
492 3882 515 3931 D
534 3885 550 3931 4
569 3882 616 3932 bll.
637 3884 672 3931 4⁰.
708 3872 759 3930 Die
779 3879 858 3931 letata
878 3878 944 3928 scite
963 3878 998 3926 ist
1016 3876 1079 3926 laer.

194 3972 378 4036 lllvergetes,
404 3969 501 4031 Evina,
531 3969 680 4020 Evandrnsl
708 3973 733 4019 4.
806 3973 820 4018 2
848 3965 933 4032 virgil
960 3952 1042 4014 ducis
1069 3963 1140 4026 Vlll,
1167 3979 1190 4013 v.
1216 3965 1278 4016 558.

115 4058 231 4110 3Hand
253 4063 275 4110 l.
348 4061 365 4108 4
386 4057 519 4108 Dorothea
543 4057 596 4108 und
621 4058 692 4108 allen
715 4055 858 4122 folgenden
883 4059 981 4104 werten
1006 4056 1114 4104 secante
1133 4053 1233 4121 susgsl.
1253 4058 1278 4104 4.

114 4147 224 4200 oNeoh
249 4147 294 4197 der
319 4146 479 4212 susspreohs
503 4145 548 4195 des
574 4162 669 4209 n=t
695 4144 748 4210 vgl.
775 4142 904 4194 Reuchlin
930 4158 950 4192 s.
981 4143 1028 4190 102
1054 4156 1076 4192 a.
1096 4145 1119 4192 2.
1193 4144 1279 4194 suis

114 4236 280 4290 sshlreiohen
300 4235 436 4300 ausgaben
459 4233 546 4285 dieser
569 4233 766 4284 verbreitetsten
787 4228 944 4296 grammatik
962 4244 982 4278 s.
1002 4228 1046 4278 bei
1066 4230 1149 4292 Hain,
1172 4231 1277 4296 Repsrt.

113 4325 225 4380 bibllV
244 4340 263 4375 s.
289 4325 337 4374 153
358 4322 399 4373 bis
421 4324 479 4372 156.
517 4321 616 4372 Unsere
636 4321 755 4370 stellein
776 4319 821 4368 der
840 4333 913 4382 ausg.
935 4333 959 4367 v.
973 4317 1055 4367 Krehl
1076 4316 1154 4384 (Opp.
1170 4317 1277 4390 Prisc.).

114 4415 194 4490 lapug.
218 4415 293 4482 1819,
311 4413 331 4484 1,
351 4429 373 4462 s.
393 4413 426 4465 86
446 4410 488 4467 bis
507 4412 549 4465 91.
607 4415 619 4461 1
641 4409 824 4486 depossassivo
846 4409 869 4457 4.
925 4408 939 4456 8
962 4403 992 4459 fit
1011 4411 1034 4466 4.
