2798 4980
663 313 726 381 116

113 505 230 575 tatoris
263 505 364 573 officio
391 503 528 588 iungens
554 503 662 570 varias
689 502 905 570 bibliothecas
936 507 1008 590 ejus
1032 508 1209 593 praecipue
1229 531 1267 576 re

113 611 234 697 gionis,
269 611 325 676 ubi
348 609 434 675 Cusa
462 608 568 673 adbuc
594 609 627 673 in
655 609 803 675 humanis
832 630 932 694 agens
964 610 1123 697 frequens
1158 613 1268 693 fuisset,

112 738 197 802 saepe
213 716 430 801 perlustraret
444 720 542 799 atque
558 720 737 780 excuteret.
775 714 837 780 Hic
860 720 972 781 autem
995 723 1122 800 praeter
1136 717 1267 785 libellum

114 823 154 888 de
178 822 239 887 deo
259 819 451 887 abscondito
474 841 569 904 quem
586 821 691 904 pridie
708 821 906 904 exscriptum
928 819 1036 888 babeo
1060 828 1097 889 et
1120 844 1268 890 semones

112 927 191 994 nihil
220 948 254 993 se
287 925 392 991 adhuc
428 927 624 1010 comperisse
663 923 822 991 adfirmat.
868 912 1089 994 Percontatus
1121 936 1267 1013 praeterea

114 1054 184 1100 sum
200 1054 220 1097 a
235 1032 394 1097 Pelecano
411 1030 611 1097 Rubeacensi
630 1033 650 1110 ¹,
674 1030 850 1096 vidissetne
867 1031 995 1115 uspiam
1014 1033 1084 1099 tale
1108 1035 1270 1120 quippiam,

116 1137 229 1205 retulit
243 1136 281 1216 is,
305 1142 337 1200 te
353 1135 456 1201 multa
471 1135 602 1216 babere,
627 1157 698 1220 quae
714 1136 801 1202 Cusa
817 1138 1068 1220 composuisset,
1092 1140 1154 1207 sed
1174 1139 1271 1225 paucis

114 1263 153 1308 ea
176 1241 423 1321 communicare,
445 1242 564 1326 quippe
589 1263 672 1325 quae
693 1241 781 1325 apud
797 1247 830 1308 te
846 1247 957 1308 essent
980 1243 1013 1308 in
1030 1266 1151 1329 magno
1166 1246 1269 1330 precio.

114 1345 312 1430 Significavit
334 1345 413 1411 mibi
434 1346 495 1412 hoc
518 1347 602 1411 idem
628 1347 786 1413 Ruschius
802 1348 1032 1414 Cartusiensis.
1065 1349 1161 1434 Ooepi
1175 1351 1270 1436 itaquo

114 1451 332 1519 eruditissime
355 1452 418 1533 sir,
449 1451 564 1518 exinde
588 1453 748 1537 cogitare,
779 1474 843 1537 quo
866 1459 963 1536 pacto
987 1476 1064 1521 mea
1087 1476 1190 1540 opera
1210 1476 1271 1539 par·

114 1557 217 1643 ticeps
241 1556 416 1623 eorundem
438 1557 622 1624 libellorum
644 1558 751 1623 Faber
775 1557 965 1625 efficeretur.
1013 1560 1057 1625 Et
1078 1561 1187 1644 primo
1210 1581 1270 1626 cun

117 1662 157 1729 ds
186 1662 341 1748 parandis
371 1664 414 1730 ad
442 1671 475 1730 te
506 1663 610 1730 literis
641 1663 810 1729 consilium
847 1663 993 1730 indecem
1022 1671 1058 1730 et
1090 1686 1145 1732 me
1178 1665 1270 1749 ipsum

115 1769 311 1852 aspicerem,
338 1769 536 1836 frustrane
560 1775 732 1834 canturam
756 1789 826 1835 esse
848 1768 1068 1849 subserebar,
1092 1791 1183 1851 mox,
1210 1790 1271 1837 cum

115 1873 273 1954 Fabrum,
306 1875 357 1940 cui
380 1875 449 1940 haec
473 1875 558 1939 mitti
582 1874 754 1953 deberent,
783 1880 817 1939 et
847 1875 899 1939 cui
926 1874 980 1939 rix
1007 1875 1123 1958 negari
1149 1881 1272 1960 possent

117 1979 382 2064 consyderarem,
412 1981 538 2046 animus
561 1979 639 2044 mihi
660 1977 799 2044 fidenter
821 1978 955 2063 petendi
983 1979 1080 2045 datus
1105 1985 1166 2046 est
1211 1980 1271 2047 Non

117 2085 201 2150 enim
227 2090 320 2149 tauto
343 2085 412 2150 viro
436 2087 493 2170 qui
516 2092 549 2151 te
573 2091 606 2150 et
628 2091 686 2150 tua
707 2085 813 2149 omnia
828 2084 945 2149 mirum
959 2083 993 2148 in
1008 2085 1145 2150 modum
1158 2084 1273 2164 laudat,

118 2189 262 2269 extollit,
285 2189 472 2272 magnifacit
494 2197 527 2256 te
551 2211 614 2255 non
638 2189 896 2274 obsequeturum
918 2189 1014 2269 facile
1045 2211 1193 2276 unquam
1215 2210 1275 2256 cre·

119 2292 265 2359 diderim.
296 2294 357 2372 Qui
381 2295 421 2360 de
437 2301 469 2360 te
484 2297 517 2360 in
534 2295 729 2380 quincuplioi
746 2295 758 2333 ²
781 2294 935 2379 psalterio
951 2295 1054 2379 (quod
1069 2295 1115 2361 ad
1138 2294 1276 2362 hebraici

119 2398 258 2482 etgraeci
268 2399 462 2483 exemplaris
478 2401 689 2485 archetypum
701 2400 871 2466 veritatem
881 2398 1068 2466 fidelissime
1079 2402 1278 2486 recognitum

119 2508 153 2569 et
168 2503 402 2570 venustissimis
420 2506 505 2572 notis
522 2506 740 2586 informatum,
760 2505 839 2570 mihi
854 2505 1020 2589 nuperime
1037 2506 1166 2573 muneri
1181 2502 1278 2591 misit)

120 2607 168 2673 ita
199 2607 407 2674 honorificam
438 2611 633 2676 mentionem
663 2611 755 2691 facit,
791 2618 827 2676 ut
861 2610 962 2676 libeat
994 2612 1064 2696 ejus
1092 2610 1147 2677 hic
1185 2609 1280 2677 verba

118 2733 303 2794 recensere,
335 2735 432 2799 quom
463 2717 503 2782 de
541 2717 744 2800 supersancti
776 2716 860 2798 regis
890 2715 994 2781 nostri
1027 2721 1061 2782 et
1100 2715 1280 2784 Servatoris

119 2819 247 2885 nomine
270 2819 423 2905 loquitur,
448 2822 494 2886 sic
517 2822 706 2906 inquientis:
733 2820 836 2901 „Illud
844 2805 937 2885 'idem
953 2820 1084 2904 scripsit
1100 2820 1283 2888 Mirandula

121 2931 154 2990 et
176 2925 216 2991 de
241 2924 355 2991 eodem
377 2925 494 3011 librum
518 2925 621 2991 edidit
644 2927 900 3010 elegantissimus
923 2932 957 2991 et
978 2927 1046 2992 sine
1063 2927 1284 2997 controversia

120 3030 205 3096 inter
229 3031 351 3097 Suevos
382 3032 587 3097 doctissimus
611 3033 752 3097 Ioannes
775 3031 935 3115 Capnion,
964 3033 1056 3116 cujus
1083 3031 1185 3114 paulo
1210 3038 1284 3098 ante

120 3135 338 3217 meminimus,
369 3158 466 3222 quem
496 3137 627 3221 quidem
655 3137 800 3202 libellum
823 3136 865 3202 ab
888 3137 943 3202 illo
976 3137 1083 3202 divino
1113 3135 1284 3204 benedicto

121 3246 155 3304 et
176 3242 322 3307 mirando
345 3244 473 3308 nomino
498 3244 538 3308 de
562 3242 669 3307 Verbo
686 3239 821 3306 Mirifice
844 3242 1072 3326 nuncupavit“.
1118 3243 1286 3309 Hactenus

120 3344 234 3412 Faber.
279 3345 363 3424 Quin
393 3347 466 3413 aliis
493 3348 526 3412 in
557 3347 637 3414 locis
671 3346 976 3413 Reucblinianorum
1014 3346 1287 3416 Redimentorum

697 3504 717 3541 ὅ

195 3601 332 3654 lConrad
350 3603 472 3654 Pellilran
492 3619 513 3656 s.
536 3618 560 3654 o.
586 3620 608 3657 s.
632 3608 664 3656 72
684 3620 706 3656 a.
726 3609 751 3656 3.
826 3610 840 3654 2
863 3604 1019 3672 quintuplici
1041 3610 1062 3657 1.
1089 3610 1115 3658 2.
1135 3609 1159 3658 3.
1193 3607 1289 3671 Qum·

120 3688 281 3756 evreux!
302 3690 468 3742 I'sslterium.
491 3692 653 3757 lGaIIIcum.
674 3695 679 3759 Ι
701 3693 855 3742 Romanum.
879 3694 1062 3759 {Hebraicum
1080 3694 1172 3746 Vetus.
1193 3694 1197 3765 l
1222 3696 1289 3748 Gon·

120 3777 220 3830 ciliatd.
244 3779 249 3844 1
269 3778 338 3831 'I'itsl
363 3781 391 3829 in
414 3778 547 3830 hiibscber
565 3781 720 3847 eiufassung
740 3783 790 3831 289
810 3779 858 3831 bll.
882 3781 910 3829 in
928 3780 976 3831 fol.
1012 3781 1062 3831 Am
1085 3781 1207 3834 schluss:
1232 3785 1289 3834 AB·

99 3863 285 3933 ¹SOLVTVM
312 3867 393 3918 svm
419 3866 491 3919 HOC
517 3868 760 3930 erncvrnlcrs
790 3867 978 3918 PSAL'IERII
1004 3868 1093 3919 OPVS
1115 3869 1154 3921 III
1176 3871 1182 3926 Ι
1203 3887 1290 3923 coeno-

120 3950 164 4002 bio
186 3956 272 4006 sancti
296 3955 421 4005 Germani
446 3971 528 4022 prope
553 3971 641 4006 muros
661 3957 814 4007 emisisses:
838 3971 906 4005 anno
926 3971 941 4006 a
958 3955 1043 4006 natali
1063 3957 1209 4010 CHRISTI
1225 3963 1230 4023 Ι
1246 3959 1291 4010 do·

120 4041 184 4088 mici
205 4044 282 4092 1508.
319 4043 352 4092 Et
373 4045 400 4093 in
426 4044 574 4094 clarissimo
598 4044 732 4095 Parisiord
752 4043 897 4109 Gymnasio
922 4058 956 4093 ex
981 4044 1142 4112 chalcotypa
1156 4045 1162 4114 Ι
1177 4047 1292 4099 Heanoi

120 4123 245 4191 Stephani
258 4128 366 4180 officina
380 4146 395 4180 e
407 4131 516 4196 ragione
528 4129 652 4183 scholaris
666 4134 811 4183 Decretorr's
827 4132 832 4196 Ι
848 4133 947 4183 emissd
960 4147 1027 4183 anno
1041 4133 1135 4197 ejusde
1146 4133 1293 4189 CHRISTI

121 4211 260 4265 saluatoris
278 4219 368 4268 omniu
384 4218 389 4283 1
408 4221 474 4270 1509
497 4218 581 4284 pridie
606 4218 720 4271 Calidas
743 4219 864 4284 Augusti.
901 4218 946 4269 IIIi
964 4221 1046 4285 Igitur
1061 4221 1066 4285 Ι
1082 4221 1128 4285 qui
1145 4221 1293 4275 absolvere

122 4296 324 4377 et,sbsolutum
349 4306 376 4353 in
404 4309 409 4368 Ι
433 4306 570 4371 publicum
596 4306 734 4378 emitte-Ire
760 4307 840 4357 dedit.
864 4307 975 4372 'LAVS
1004 4307 1049 4357 ΕΤ
1076 4309 1294 4363 GRATIARVM

120 4380 226 4436 acuto
245 4389 282 4438 IN
301 4387 436 4442 SEOVLA
455 4392 670 4444 sacvnossvu
691 4395 821 4462 ΔΜΕΝ.Ι
856 4396 981 4459 (Darmst.
999 4393 1125 4464 boibibl.)
