2798 4980
662 342 724 411 108

113 535 205 622 cnjus
227 555 305 603 sane
333 536 366 601 in
390 534 583 601 dictionario
614 543 671 602 tuo
694 537 812 620 sapius
839 537 1039 605 mentionem
1061 538 1154 606 tacis
1194 539 1257 606 Pte

112 645 256 708 tereasi
284 664 341 708 ars
369 641 485 706 cabala
507 650 566 707 tua
596 658 629 707 et
660 662 761 726 opera
791 651 826 707 et
847 642 997 710 bonitate
1026 645 1062 709 in
1082 644 1186 712 lucem
1205 663 1258 729 pre

113 749 229 827 dierit,
256 750 348 832 cujus
380 747 542 812 hebraicae
570 746 688 830 linguae
716 746 872 812 studiosis
902 748 1033 832 copiam
1056 754 1092 815 te
1119 750 1257 828 factorum

113 854 287 940 polliceris.
318 852 411 931 Quod
427 853 455 917 si
477 854 525 917 ita
541 860 601 931 est,
625 852 676 917 fac
693 874 812 937 quaeso,
834 855 956 937 optime
971 855 1032 934 vir,
1056 861 1092 920 et
1113 856 1188 920 mibi
1201 876 1258 940 quo·

112 981 176 1046 qne
208 961 387 1044 impertias.
439 958 602 1024 Praeterea
640 966 797 1042 quantum
835 981 876 1025 ex
909 965 967 1024 tuo
1005 982 1173 1045 nunquam
1199 959 1260 1026 satie

112 1066 262 1132 mnando
286 1065 326 1130 de
342 1063 441 1128 verbo
464 1063 599 1130 mirifico
622 1085 720 1148 opere
742 1066 913 1149 accepist
935 1065 1033 1152 ὄνομα
1054 1065 1262 1157 τετραγράμμ-

114 1197 168 1237 τον
190 1193 265 1237 cum
286 1169 328 1235 be
351 1170 385 1234 in
407 1167 480 1234 time
505 1170 712 1235 scribendum
735 1172 838 1249 venit,
860 1169 923 1235 hoc
944 1170 1061 1236 modo:
1084 1184 1170 1236 m
1209 1171 1260 1254 Ego

114 1299 191 1343 sero
229 1276 365 1342 bibliam
394 1275 587 1357 impressam
617 1276 726 1358 legens
758 1297 855 1360 quam
877 1275 957 1340 mibi
992 1275 1198 1343 doctissimus
1220 1275 1262 1341 ille

112 1389 213 1468 atque
246 1380 497 1447 humanissimus
529 1381 698 1446 Comedus
730 1382 904 1464 Peutinger
937 1381 1145 1448 commodato
1181 1380 1262 1459 dedit,

114 1490 223 1573 recepi
245 1487 326 1553 illud
349 1507 414 1552 non
435 1507 496 1570 per
517 1485 572 1565 be,
595 1487 653 1551 sed
676 1486 788 1551 daleth
809 1487 844 1550 in
865 1485 929 1552 fine
952 1485 1071 1567 scribi,
1103 1486 1165 1553 boc
1184 1484 1261 1552 ruodo

115 1608 199 1658 *rint
245 1593 406 1659 Caeterum
438 1601 559 1676 prater
582 1601 723 1676 quatuor
753 1592 978 1658 distinctiones
1008 1613 1092 1676 quas
1119 1592 1155 1657 in
1176 1591 1263 1677 capite

116 1700 205 1766 tertii
228 1699 303 1765 libri
327 1698 568 1764 institutionum
596 1697 824 1764 hebraicarum
855 1699 949 1781 ponis
978 1695 1109 1764 offendo
1138 1704 1172 1764 et
1198 1696 1263 1762 alia

114 1806 359 1872 distinctionum
385 1804 592 1868 characteres
615 1804 648 1869 iu
672 1805 811 1888 praefata
827 1803 929 1867 biblia
944 1852 1022 1868 .....
1049 1805 1080 1882 ¹,
1103 1801 1182 1887 quid
1202 1818 1262 1865 vero

114 1910 176 1976 sibi
199 1910 299 1975 velint
324 1911 446 1992 ignoro.
494 1910 630 1974 Demum
655 1909 742 1993 qnod
764 1908 921 1973 cbaldaeae
949 1906 1161 1973 translationi
1181 1906 1262 1972 June

114 2016 181 2081 thre
203 2016 378 2100 plurmum
402 2016 611 2079 auctoritatis
634 2014 766 2081 Hebraei
788 2013 947 2092 tribuunt,
976 2011 1102 2097 placuit
1124 2011 1213 2077 Patri
1236 2026 1264 2074 ao

115 2122 253 2186 Domino
277 2140 348 2184 meo
372 2119 560 2202 dignissimo
587 2119 702 2186 abbati
726 2121 754 2200 ',
786 2119 973 2204 politiorum
995 2118 1167 2199 literarum
1194 2134 1265 2181 ame

116 2228 181 2291 tori
204 2224 371 2307 singulari,
394 2224 437 2289 ad
453 2225 607 2290 l'enetias
630 2227 774 2291 scribere
797 2246 857 2309 pro
880 2223 990 2290 bibliis
1013 2223 1066 2306 (ut
1087 2219 1264 2309 appellant):

115 2330 264 2408 hebraea,
297 2328 443 2393 chaldaea
471 2330 566 2395 simul
599 2337 633 2396 et
661 2351 767 2414 graeca
797 2351 879 2415 quas
908 2328 1098 2413 propediem
1130 2332 1266 2393 venmrat

115 2456 292 2521 speramns.
331 2434 379 2499 Ne
405 2457 479 2500 sero
500 2437 669 2518 jacturam
691 2459 732 2501 ex
754 2433 1018 2501 elementornm³
1040 2433 1266 2499 chaldaicorum

117 2540 319 2625 ignoratione
343 2542 524 2625 patiamur,
556 2542 656 2606 etiam
680 2550 779 2627 atque
809 2543 908 2607 etiam
931 2546 1073 2624 rogent
1102 2538 1267 2607 chaldaeum

117 2645 328 2731 alphabetum
359 2654 417 2711 tua
448 2668 546 2711 manu
570 2656 740 2713 exaratum
763 2648 806 2713 ad
828 2668 887 2713 uos
910 2645 989 2711 dare
1012 2643 1093 2710 velis
1116 2665 1190 2711 cnm
1210 2642 1267 2708 bre·

116 2751 262 2817 siuscnla
284 2751 426 2836 quadam
444 2751 677 2817 dilucidatione
693 2754 716 2817 ⁴.
750 2753 844 2832 Quod
866 2752 929 2818 etsi
951 2751 1048 2837 plura
1071 2771 1170 2835 quam
1190 2767 1266 2815 occa

114 2861 264 2944 potiones
282 2865 351 2924 tuae
374 2860 523 2923 maxima
547 2858 724 2923 admittant
737 2866 830 2942 peto,
852 2857 1068 2923 addiscentis
1089 2863 1198 2923 meu
1217 2853 1266 2919 fer·

114 2987 224 3031 vorem
248 2964 276 3028 si
309 2964 481 3046 respicias,
519 2963 665 3028 laborem
697 2965 866 3030 recusabis
900 2963 1034 3028 nullum.
1083 2961 1162 3027 Vale
1189 2960 1264 3030 bene

117 3070 270 3136 Germani
294 3071 474 3154 specimen,
504 3075 541 3134 ut
564 3070 731 3134 verissime
754 3070 839 3136 Titio
862 3068 876 3108 ⁵
898 3069 939 3134 de
962 3075 996 3133 te
1019 3067 1149 3147 cecinit,
1170 3059 1265 3130 nobili·

115 3183 231 3262 tasque
255 3175 324 3240 soli
371 3176 420 3238 Ex
443 3175 645 3258 Otteupurra
668 3180 688 3239 8
712 3174 785 3239 Kal.
809 3177 914 3260 ilajas
939 3172 1035 3239 1509.

204 3301 277 3359 bisc.
299 3296 470 3376 Ellenbog⁸
493 3302 524 3360 iu
539 3300 718 3362 Ottobenren
739 3302 851 3361 abscbr.
868 3319 895 3361 v.
917 3303 1001 3360 1779
1018 3299 1102 3360 lib.1
1123 3299 1203 3374 epist
1223 3291 1263 3353 ru

116 3407 165 3470 tol.
185 3411 243 3467 61³
258 3407 303 3465 bis
320 3408 388 3465 62⁸.

687 3560 706 3595 i·

189 3671 199 3713 l
222 3658 315 3726 biblia]
335 3659 425 3726 fulgen
444 3662 532 3727 einige
551 3663 766 3725 accentzeicben,
793 3663 835 3713 die
857 3664 905 3712 wie
924 3659 991 3710 alles
1016 3660 1174 3711 bebrtiacbe
1191 3659 1214 3707 in
1229 3651 1263 3705 der

116 3752 282 3804 haudsobriit
300 3748 361 3801 sebr
381 3748 538 3801 undeutlicb
556 3752 611 3801 und
630 3751 771 3802 teblerbalt
789 3748 962 3818 gesobrieben
981 3748 1049 3798 sind.
1114 3753 1128 3799 2
1148 3734 1263 3802 Leonbatd

116 3842 289 3892 Wiedernann
309 3856 330 3888 s.
350 3855 374 3889 o.
394 3853 450 3888 nro.
470 3837 511 3889 cl.
566 3840 730 3892 eelemeuto
754 3845 775 3888 1.
847 3838 1068 3888 tdilucitatione
1090 3842 1113 3887 1,
1167 3821 1262 3889 b'l'itiol

117 3932 220 3983 Sebast.
241 3928 349 3990 Brandt,
368 3926 421 3994 vgl.
441 3925 535 3976 dassen
554 3927 624 3978 oben
642 3944 698 3978 nro.
718 3928 777 3978 LVI
796 3945 819 3977 a.
839 3929 854 3976 3
874 3925 1045 3992 angefirbrtee
1064 3925 1187 3992 Bloginm
1205 3913 1264 3970 14⁹⁶,

118 4015 211 4067 dassen
231 4028 300 4068 erete
318 4031 393 4066 verse
412 4015 517 4064 lenton:

326 4144 445 4210 Capnicn
464 4144 580 4194 illustres
599 4144 667 4193 inter
684 4141 851 4194 memorande
870 4148 973 4208 poetas,

327 4232 450 4281 Germani
469 4233 616 4297 specimen,
634 4230 815 4295 nobilitasque
834 4231 894 4282 soli.

118 4358 134 4406 6
155 4355 218 4406 Eine
236 4372 340 4423 geuene
359 4357 556 4425 bescbreibuug
574 4359 620 4410 der
639 4359 779 4413 bandsehr.
798 4375 820 4413 a.
840 4364 933 4412 doterr,
958 4355 1191 4425 vierteljabrseobr.
1213 4364 1234 4400 1¹·
1246 4358 1261 4393 θ·

119 4458 153 4492 w·
171 4457 193 4495 Ι·
213 4447 274 4500 443.
