2798 4980
661 314 724 379 198

113 510 269 594 Majestas
299 507 388 586 velit,
419 504 563 572 declaret
596 511 629 570 et
657 505 822 569 decernat.
869 502 976 582 Quare
1008 501 1090 569 nihil
1111 502 1192 568 mihi
1208 502 1270 588 jam

112 616 237 700 gratius
260 611 413 691 effeceris
438 632 622 696 quanquam
646 611 686 676 de
705 611 778 694 jure
802 610 907 675 inesse
930 608 1091 675 videatur.

203 717 313 784 Hebes
344 717 504 802 quotidie,
536 722 573 781 ut
596 715 753 793 arbitror,
785 714 828 779 ad
851 714 965 779 ducem
991 721 1067 780 tuos
1090 714 1226 780 nuncios
1245 719 1273 801 qt

116 823 314 900 tabellarios,
337 844 409 887 cum
433 820 550 906 quibus
574 827 606 884 et
628 819 773 886 libellum
795 819 880 885 hunc
903 841 1010 884 meum
1031 838 1105 885 cum
1129 820 1196 885 tuis
1218 838 1273 884 uua

115 930 220 995 literis
242 928 364 1006 mittas,
387 933 421 992 et
445 926 598 1012 quicquid
622 926 724 1009 egerit
753 924 841 1009 apud
864 926 1114 1008 Imperatorem,
1144 925 1274 1008 recipias

116 1033 195 1100 mibi
225 1038 339 1117 postea
372 1029 682 1110 transmittendum,
715 1031 813 1095 etiam
837 1029 916 1095 meis
939 1030 1100 1114 expensis,
1136 1031 1164 1096 si
1186 1030 1275 1097 fuerit

117 1159 332 1223 expensarum
360 1137 500 1219 dignum.
546 1135 631 1200 Nam
659 1157 785 1220 semper
814 1136 922 1202 nescio
953 1137 1033 1221 quid
1062 1137 1229 1202 minantur
1248 1143 1276 1201 et

116 1244 208 1329 parvi
231 1249 264 1307 et
285 1243 377 1325 pravi
401 1241 557 1321 homines,
580 1241 666 1325 quod
690 1241 733 1306 ad
755 1241 885 1306 Curiam
902 1242 1081 1306 Romanam
1106 1240 1212 1307 citare
1231 1263 1275 1308 me

116 1353 323 1435 praesumant,
353 1347 439 1430 quod
463 1369 526 1411 non
550 1352 618 1410 tam
642 1346 860 1426 abhorrerem,
884 1347 941 1411 sil
1095 1358 1099 1364 '

117 1455 165 1520 sic
199 1453 286 1517 dives
318 1452 396 1516 mihi
420 1458 524 1531 esset,
559 1457 597 1517 ut
618 1450 690 1515 illis.
736 1451 830 1516 Nosti
860 1452 1070 1536 scripturam:
1103 1451 1277 1519 Comedunt

118 1559 231 1625 domos
269 1557 439 1622 viduarum
472 1563 505 1622 et
538 1564 633 1621 arant
665 1557 698 1620 in
729 1556 831 1621 vitula
859 1557 1015 1641 proximi,
1050 1563 1089 1623 nt
1119 1557 1277 1623 inveniant

119 1664 357 1749 propositiones
382 1663 403 1726 ².
449 1663 517 1745 Ego
545 1668 655 1726 autem
684 1684 740 1728 rus
763 1661 833 1728 colo
866 1668 898 1727 et
928 1662 999 1728 sola
1028 1663 1100 1729 0100
1131 1662 1277 1746 agricola·

117 1771 221 1849 tione,
254 1791 313 1834 nec
342 1768 459 1852 stipem
491 1788 619 1832 mereor
653 1767 749 1832 ullius
782 1768 831 1832 001
863 1767 1019 1852 principis
1052 1767 1104 1833 vel
1135 1768 1277 1848 civitatis,

117 1881 330 1960 posteaquam
355 1873 459 1939 altera
486 1873 583 1937 immo
599 1871 665 1937 alia
680 1872 919 1951 Gonsoederatio
935 1874 1037 1957 coepit'
1057 1880 1093 1938 et
1107 1874 1277 1958 Augustam

118 1980 255 2047 anobis
284 2000 382 2064 quam
397 1979 626 2071 xremotissime
657 1977 817 2043 translata
848 1984 906 2043 est.
951 1977 1020 2043 Nec
1044 1978 1111 2045 ullo
1136 2001 1208 2045 sum
1228 1984 1278 2044 eut

121 2087 168 2151 fui
200 2091 345 2168 tempore
377 2084 593 2149 mercenarius
624 2091 790 2167 patronus.
838 2084 885 2148 Tu
919 2083 1019 2149 facito
1050 2090 1090 2150 ut
1123 2084 1226 2151 frater
1250 2089 1279 2149 et

119 2191 190 2255 vale
214 2189 374 2254 foeliciter.
420 2189 553 2273 Nequeo
574 2175 723 2278 pluribus
747 2189 824 2272 quia
845 2189 989 2255 calamus
1004 2187 1141 2255 finditur
1158 2190 1180 2270 ³,
1203 2190 1279 2255 1000-

121 2296 208 2377 gitur
237 2299 271 2359 et
300 2295 404 2376 erepit
433 2293 569 2360 medius.
615 2296 736 2360 lterum
767 2295 991 2378 optime-vale,
1023 2295 1277 2361 constantissime

121 2401 234 2465 amice.
280 2399 330 2463 Ex
354 2398 554 2482 Stutgardia.
601 2399 687 2464 Prid.
711 2401 782 2464 Kal.
807 2399 1014 2484 Septembres
1037 2401 1132 2467 Anno
1160 2405 1249 2466 1513.

468 2505 610 2570 Joannes
634 2504 789 2571 Reuchliu
814 2505 1005 2570 Phorcensis
1029 2505 1093 2570 LL.
1117 2505 1240 2572 doctor.

211 2618 225 2671 1
249 2635 288 2666 =
304 2613 472 2686 Autograph
488 2614 643 2673 Reuchlins
665 2615 695 2673 in
716 2615 768 2674 der
791 2613 972 2674 haudschriit
992 2615 1043 2674 des
1064 2617 1143 2674 herz.
1161 2616 1228 2676 bibl.
1248 2631 1278 2672 zu

119 2717 458 2779 Wollenbttte186.10.
476 2725 548 2778 extr.
567 2718 615 2778 fol.
632 2720 671 2779 bl.
688 2723 721 2793 4;
738 2721 807 2779 115
823 2721 870 2780 die
881 2720 1007 2779 adresse.
1025 2720 1098 2795 (Die
1107 2719 1278 2781 handscbrilt

119 2825 181 2886 626
199 2825 248 2884 bll.
265 2825 294 2882 in
309 2824 358 2883 101.
376 2825 486 2882 0011111
501 2826 595 2898 einige
610 2824 703 2884 briefe
715 2845 752 2886 au
768 2828 898 2900 Spalatin
914 2845 939 2884 z.
956 2826 983 2885 1.
1001 2844 1058 2885 von
1073 2827 1168 2887 Jacob
1183 2827 1277 2898 Faber,

118 2931 210 3004 einige
232 2930 432 3004 autographen
454 2946 509 2988 von
526 2930 636 2989 Luther
657 2931 717 2990 und
732 2933 933 3004 Melanchton,
957 2931 1177 3004 hauptsachliou
1199 2928 1279 2990 brieio

118 3051 174 3094 000
189 3035 248 3094 und
263 3052 299 3093 au
314 3034 469 3109 theologen
485 3052 537 3093 aus
553 3035 604 3094 der
618 3037 737 3110 zweiten
752 3037 840 3096 hallte
857 3019 906 3095 des
927 3040 964 3094 16
977 3036 1215 3111 jahrhunderts.)

191 3259 328 3323 stuttgart.
633 3200 771 3266 CLXXI’
1028 3262 1060 3308 31
1084 3263 1154 3327 Aug.
1177 3263 1263 3311 2513.-

198 3346 224 3419 J
225 3372 362 3419 oannes
381 3345 564 3419 Reuchliu
583 3345 803 3420 Phorcensis
821 3373 871 3420 an
890 3347 1011 3422 Jacob
1038 3348 1199 3445 Faberi.

209 3467 412 3533 Vertrauend
428 3468 487 3532 auf
499 3467 551 3533 die
567 3467 876 3534 ireuudschastliche
892 3471 1079 3554 gesinnung‚
1096 3471 1151 3538 die
1160 3468 1280 3538 Faber⁵

118 3572 150 3637 iu
175 3573 285 3638 seinen
304 3573 433 3639 werken
456 3574 503 3638 oft
526 3575 793 3658 ausgesprochen,
817 3595 905 3658 wago
929 3577 984 3656 R,
998 3576 1065 3641 ibm
1089 3578 1183 3643 einen
1199 3583 1281 3642 trau·

117 3678 208 3761 rigen
235 3677 323 3744 brief
344 3701 383 3744 zu
406 3678 585 3744 schreiben.
631 3681 676 3744 Er
699 3685 783 3744 wiire
807 3682 869 3746 seit
892 3681 1061 3747 mebreren
1081 3681 1202 3766 jahren
1224 3701 1280 3746 000

118 3784 181 3850 den
215 3784 338 3850 Kiilner
374 3783 544 3866 theologen
576 3784 730 3867 verfolgt,
771 3787 823 3851 die
856 3786 940 3852 auch
970 3786 1069 3852 schon
1102 3787 1206 3853 audre
1235 3788 1281 3873 ju-

118 3892 235 3972 risten,
267 3913 292 3956 z.
316 3890 346 3955 b.
377 3889 440 3955 (100
463 3891 560 3956 Peter
582 3891 780 3956 Ravennas⁶
813 3891 943 3976 geplagt
965 3892 1087 3958 htitten.
1137 3895 1205 3961 Das
1234 3913 1281 3978 ge

193 4075 202 4118 1
225 4069 289 4118 Eine
308 4068 396 4118 kleine
415 4068 494 4118 liielre
513 4069 541 4117 in
560 4068 605 4118 der
618 4025 789 4152 handibhritt.
862 4073 875 4118 2
896 4069 989 4120 Matth.
1003 4072 1046 4132 23,
1069 4077 1109 4123 14.
1184 4075 1199 4122 3
1219 4071 1282 4137 Fing

118 4156 314 4221 ausgestrichen
328 4173 373 4206 vor
386 4155 495 4206 finditur
510 4163 531 4207 1.
599 4161 614 4204 4
633 4154 707 4206 Uber
720 4156 803 4206 Faber
817 4157 869 4222 vgl.
885 4159 952 4208 oben
962 4174 1017 4208 nro.
1028 4159 1096 4210 cxl.
1156 4162 1172 4210 1
1191 4159 1280 4225 Faber]

119 4242 168 4293 den
186 4258 280 4293 namen
300 4245 445 4310 gebrnueht
464 4245 532 4295 arnob
551 4245 650 4295 Hutten
670 4260 701 4294 nu
719 4247 803 4296 einem
823 4247 969 4312 wortspiel:
988 4246 1116 4310 Fabrum‚
1136 4249 1182 4312 qui
1200 4248 1282 4315 pbilo-

119 4329 238 4395 sophiam
258 4333 388 4396 exquisite
407 4333 474 4383 fabri
499 4334 561 4383 tecit
581 4334 713 4384 illustrato
733 4333 883 4384 Aristotele.
922 4339 962 4384 An
976 4335 1157 4387 Pirckheimer
1176 4339 1209 4387 25
1222 4335 1280 4387 okt.

122 4420 188 4468 1518
213 4418 256 4468 101
282 4419 403 4486 Bbeking
429 4421 453 4485 I,
481 4439 501 4472 s.
522 4423 572 4472 216
598 4438 621 4472 0.
643 4423 713 4473 261.
787 4422 882 4495 ngt.
908 4424 1021 4480 timber:
1047 4439 1094 4475 aus
1120 4423 1179 4480 dem
1198 4425 1280 4484 uuir,-
