2798 4980
667 339 735 409 204

117 529 149 598 S.
174 530 318 618 Dionysii
336 533 358 612 ¹,
386 530 419 597 in
442 552 507 618 qua
535 530 668 598 ferendo
700 537 787 599 esset
821 532 986 598 sententia
1014 553 1110 601 mane
1137 532 1259 619 ejusden

117 636 182 703 diei
205 637 286 704 bora
308 642 432 703 octuva.
479 637 562 716 Quid
585 635 718 703 multis?
763 638 914 704 Decanus
941 642 976 703 et
999 637 1174 724 capitulum
1193 639 1259 707 velo

117 743 199 811 citer
226 742 259 808 id
292 742 454 826 negotium
489 748 593 808 totum
622 742 666 808 ud
696 764 747 808 me
779 728 991 828 scripserunt.
1045 745 1090 810 Et
1118 765 1173 829 ego
1200 766 1259 811 mox

116 846 250 915 aderam
279 848 310 912 in
342 847 394 912 die
418 846 449 913 S.
472 846 625 930 Dionysii.
672 847 812 914 Caterva
840 854 948 915 autem
980 848 1121 915 fratrum
1142 851 1258 916 scientes

116 952 198 1021 duos
221 959 346 1019 tuntum
371 952 441 1018 dies
462 951 620 1020 interesse
645 975 747 1038 usque
769 954 813 1020 ad
835 954 950 1021 feriam
973 937 1125 1040 quartam
1139 955 1257 1022 iereude
1299 940 1303 947 ¹

115 1059 285 1127 mutentiae
308 1057 398 1123 nulla
420 1057 528 1123 media
551 1060 724 1125 concordia
747 1061 817 1144 ejus
839 1059 951 1125 oblata
974 1060 1147 1127 voluerunt
1165 1082 1256 1147 accep

115 1170 198 1245 tare,
222 1164 283 1229 uisi
307 1184 379 1248 quae
400 1163 480 1228 mibi
503 1172 612 1231 essent
640 1165 761 1250 probro
785 1172 819 1231 et
840 1171 962 1232 esterno
987 1165 1140 1233 dedecori
1160 1166 1257 1233 lutura
1302 1186 1304 1191 ·

115 1270 184 1354 Ego
207 1290 284 1335 vero
307 1269 396 1334 nolni
419 1290 490 1335 esse
514 1270 670 1351 crudelis,
699 1272 755 1355 qui
781 1271 905 1337 famam
936 1271 1140 1356 negligerent
1181 1272 1257 1339 Unde

116 1375 225 1442 omnia
247 1374 372 1442 famosa
394 1376 542 1441 recusavi
565 1383 600 1442 et
622 1397 731 1442 coram
755 1376 881 1442 notario
912 1376 1117 1463 testibusque
1139 1398 1159 1443 a
1178 1377 1259 1443 lautis

114 1479 355 1565 gravaminibus
391 1486 458 1545 tam
494 1481 612 1548 futuris
645 1503 741 1567 quam
779 1482 1011 1567 presentibus,
1048 1481 1205 1568 appellavi
1225 1480 1259 1548 ud

116 1586 232 1655 Sedem
249 1585 478 1670 Apostolioam.
524 1587 679 1654 Videntes
701 1593 811 1654 autem
828 1587 949 1653 domini
964 1586 1006 1655 de
1021 1587 1172 1673 capitulo,
1191 1586 1259 1673 quod

117 1691 348 1778 predicatores
372 1692 533 1758 malitiose
556 1693 844 1777 fraudulenterque
868 1692 1018 1759 diemde
1041 1692 1095 1760 die
1116 1693 1260 1761 trabernt

116 1797 246 1864 blandis
269 1797 386 1878 verbis,
409 1805 446 1863 ut
469 1797 676 1865 nibilominus
698 1798 741 1865 ad
764 1798 959 1864 sententiam
987 1798 1157 1865 ferendum
1183 1819 1261 1884 quun

116 1903 157 1971 de
181 1903 404 1972 combustione
432 1903 589 1971 librorum
618 1925 764 1970 meorum
787 1904 856 1989 jam
884 1904 970 1969 inter
1001 1925 1037 1971 se
1065 1905 1149 1971 olem
1169 1925 1261 1971 conoe-

119 2016 246 2094 perant,
269 2009 488 2093 irrefragabili
516 2032 573 2094 spe
602 2011 762 2089 venirent,
793 2015 826 2076 et
851 2030 910 2094 per
937 2009 999 2075 hoc
1029 2011 1099 2077 sive
1123 2011 1193 2097 jure
1217 2030 1262 2075 seu

116 2114 235 2200 injuria
258 2114 379 2180 farum
402 2136 507 2180 meam
530 2115 696 2196 laederent,
718 2116 780 2200 ipsi
801 2114 966 2199 negotium
981 2121 1088 2184 totum
1104 2123 1138 2183 et
1151 2136 1262 2183 causan

118 2242 246 2288 omnem
269 2241 341 2287 cum
357 2221 456 2286 celeri
477 2223 588 2288 nuntio
610 2222 653 2288 ad
669 2221 970 2288 reverendissimum
993 2221 1262 2308 archiepiscopum,

116 2326 281 2392 dominum
305 2326 529 2410 Mogontinum
552 2332 629 2393 tunc
651 2327 685 2392 in
700 2326 971 2393 Asthaffelneoh²
996 2327 1196 2408 existentem,
1214 2347 1261 2412 per

114 2431 229 2497 literas
245 2431 412 2512 miseruut,
436 2434 490 2517 qui
514 2433 685 2500 confestim
702 2433 724 2512 ³,
746 2455 830 2511 mox,
853 2432 939 2498 illico
962 2433 1030 2499 suis
1045 2430 1259 2500 commissoriis

115 2538 294 2622 rescripsit,
325 2544 362 2604 ut
384 2545 492 2604 actum
516 2541 753 2624 suspenderent
774 2538 817 2604 ad
839 2538 959 2604 mensis
982 2539 1141 2623 spatium,
1163 2539 1201 2605 de
1219 2557 1261 2602 vo

114 2644 241 2711 luntste
264 2645 465 2730 inquisitoris
490 2653 522 2711 et
545 2667 676 2711 suorum
701 2652 776 2725 eto,
807 2644 868 2709 sub
890 2665 947 2729 spe
971 2644 1066 2712 bonae
1090 2642 1260 2722 concordie,

116 2751 208 2836 cujus
231 2770 292 2816 sua
315 2750 491 2817 dominatio
515 2752 660 2835 pollicita
684 2758 734 2816 est
763 2749 871 2815 media
893 2750 1047 2816 iuvenire.
1093 2750 1150 2818 Siu
1169 2756 1262 2816 auten

114 2856 239 2925 nollent
271 2857 454 2922 consentire
485 2858 519 2921 in
553 2856 804 2941 suspensionem,
840 2862 916 2921 tunc
944 2858 1113 2923 revocavit
1138 2878 1200 2936 ecs,
1230 2873 1262 2919 ne

115 2964 203 3031 ultra
225 2961 448 3047 procederent,
471 2961 615 3046 alioquin
638 2961 817 3026 declaravit
838 2970 914 3026 acta
935 2982 995 3045 per
1018 2983 1076 3028 eos
1100 2969 1133 3028 et
1154 2958 1263 3047 agenda

115 3069 235 3136 nullius
259 3090 329 3134 esse
354 3066 480 3132 roboris
502 3089 540 3132 ac
563 3066 736 3146 firmitatis,
759 3069 823 3132 imo
847 3088 931 3132 nunc
949 3088 1009 3151 pro
1025 3073 1105 3135 tunc
1120 3089 1160 3134 ea
1174 3065 1264 3133 omniu

115 3175 264 3253 cassavit,
288 3173 437 3253 irritavit,
461 3171 641 3239 adnullavit
664 3179 697 3238 et
724 3171 813 3237 nulla
836 3192 906 3238 esse
936 3173 1039 3239 voluit
1067 3195 1129 3259 pro
1156 3169 1264 3240 meliori

114 3282 229 3348 forma.

204 3386 345 3470 Jumjem
386 3383 503 3450 aderat
537 3383 693 3449 terribilis
729 3383 784 3449 ille
819 3383 889 3450 dies
923 3384 1096 3450 sententies
1129 3381 1265 3460 ferendo,

116 3512 188 3576 quae
211 3490 274 3556 fuit
301 3490 421 3575 quarta
450 3490 532 3557 feria
554 3489 578 3571 4,
607 3492 640 3555 in
663 3511 728 3575 qua
750 3496 896 3556 creatum
921 3497 971 3556 est
992 3489 1154 3555 luminare
1175 3489 1266 3555 minus

115 3602 153 3663 ut
175 3603 331 3681 praeesset
360 3597 447 3661 nocti
464 3595 494 3661 5:
524 3601 557 3661 et
589 3596 669 3661 hora
696 3617 791 3661 mane
821 3602 936 3662 octava
963 3617 1038 3662 cum
1068 3595 1209 3663 noudum
1227 3614 1268 3660 rc·

115 3703 230 3770 diisset
252 3723 273 3766 a
296 3701 425 3767 domino
442 3702 627 3786 Moguntiuo
650 3702 785 3768 nuncius
808 3707 1087 3787 praememoratus,
1111 3722 1171 3769 nco
1184 3705 1268 3766 autea

115 3809 234 3896 aliquis
272 3808 535 3875 adversariorum
568 3829 713 3874 meorum
748 3808 847 3874 sciret
878 3807 1052 3893 quicquam
1089 3806 1131 3873 de
1165 3804 1267 3872 nuncio

114 3918 213 3985 misso
237 3922 295 3981 eut
318 3915 513 3979 remittendo
536 3921 693 3981 venerunt
716 3920 749 3980 et
772 3935 932 3999 pavonum
956 3911 1123 3997 gressibus
1144 3913 1268 3979 incesse·

114 4029 192 4091 runt
218 4020 410 4106 amplissimi
441 4028 552 4104 patres
581 4027 615 4086 et
644 4020 764 4087 iratres
793 4020 1027 4106 praedicatores
1057 4039 1133 4085 cum
1155 4039 1212 4090 sno
1231 4016 1269 4082 iu·

189 4205 200 4249 1
222 4199 349 4264 Quartam
360 4198 463 4266 seriam]
488 4202 518 4247 12
534 4197 606 4261 out,
619 4202 678 4248 aete
688 4136 744 4263 jiid.
759 4199 778 4247 B
794 4201 817 4248 3.
872 4245 875 4250 ,
891 4202 905 4247 2
927 4193 1268 4248 Astheffelnucb=lscbui

113 4287 231 4352 lenburg.
305 4285 493 4353 300nfestim]
520 4285 591 4336 brief
606 4287 652 4337 des
669 4286 832 4337 erzbisclrofs
858 4302 908 4337 von
940 4290 970 4335 12
991 4286 1053 4338 okt
1074 4285 1119 4336 die
1137 4291 1196 4338 acta
1212 4285 1231 4334 B
1246 4285 1269 4331 4·

112 4376 197 4440 geben
209 4373 279 4424 auch
292 4389 342 4422 nur
355 4374 412 4423 eine
425 4374 626 4442 inheltssngsbe
640 4374 787 4426 desselben.
837 4373 980 4445 tQusrta]
1006 4380 1038 4426 12
1057 4375 1122 4426 ont.
1170 4375 1269 4431 bCres·

114 4468 169 4517 tum
188 4461 237 4535 est]
257 4463 323 4515 Gen.
347 4465 370 4528 ¹,
391 4464 431 4518 16.
