2798 4980
671 369 714 436 99

107 578 168 642 pro
185 556 441 643 uniuscujusque
462 558 651 643 interpretis
675 562 845 626 sententia.
884 560 972 627 Nihil
988 563 1070 629 enim
1087 564 1138 630 vel
1160 586 1276 650 parum

106 661 248 728 arbitrio
285 670 397 729 nostro
427 663 631 749 reliquimus,
661 665 718 730 sed
750 666 922 752 cujuslibet
955 669 1162 736 translatoris
1191 671 1277 755 judi·

106 767 194 832 cium
219 769 479 835 monstravimus.
517 770 634 835 Restat
655 771 750 837 modo
774 778 811 837 ut
833 774 1031 840 memineris:
1054 776 1277 861 praecedenti-

105 870 168 938 bus
194 871 321 940 duobus
351 874 383 938 in
413 875 506 941 libris
529 872 683 941 hebraica
705 898 756 942 me
786 877 949 960 primitiva
972 878 1075 946 solum
1099 880 1275 966 collegisse,

105 1000 171 1045 non
196 985 305 1047 autem
329 979 543 1059 thalmudica,
572 1002 675 1066 neque
699 981 876 1062 chaldaica,
899 984 1041 1068 psalmos
1065 985 1203 1072 denique
1226 1009 1274 1054 se·

105 1083 249 1150 eundum
269 1084 491 1151 Hebraeorum
514 1106 682 1151 numerum
706 1093 740 1153 et
762 1109 825 1154 non
845 1089 942 1172 juxta
964 1090 1119 1156 ecclesiae
1143 1098 1274 1160 nostrae

105 1187 354 1255 adnotationem
370 1190 498 1270 citasse,
522 1198 657 1276 propter
674 1214 738 1271 eos,
762 1194 817 1277 qui
833 1194 873 1259 de
889 1192 997 1261 Biblia
1011 1196 1166 1263 hebraica
1181 1219 1275 1264 cona·

106 1294 230 1360 buntur
263 1295 443 1361 doctrinam
475 1303 621 1363 nostram
652 1299 831 1382 prudenter
863 1302 982 1366 conari.
1028 1303 1121 1367 Nunc
1152 1304 1185 1367 in
1213 1301 1274 1368 hoc

105 1400 207 1465 tertio
223 1399 306 1465 libro
331 1400 374 1465 ad
389 1406 496 1466 artem
512 1404 756 1485 grammaticam
775 1425 996 1488 properamus,
1018 1412 1056 1471 ut
1079 1408 1133 1492 qui
1156 1429 1196 1472 ex
1219 1428 1275 1473 an·

105 1505 283 1571 terioribus
311 1504 438 1590 legendi
461 1508 591 1574 modum
617 1513 650 1573 et
673 1508 901 1575 vocabulorum
930 1509 1156 1576 hebraicorum
1180 1512 1275 1595 signi·

104 1607 207 1676 ficata
241 1617 329 1677 recte
355 1612 422 1695 jam
454 1618 581 1694 tenent,
613 1613 928 1698 aoonsequentibus
945 1615 1073 1681 discant
1095 1616 1274 1681 orationem

105 1715 313 1801 expertibus
345 1706 412 1783 suis
433 1724 651 1784 constructam
669 1718 884 1785 artificialiter
907 1718 1093 1803 explanare.
1124 1721 1162 1785 ln
1184 1719 1275 1786 tenui

104 1819 215 1886 labor:
238 1827 274 1886 at
296 1822 403 1888 tenuis
426 1843 489 1887 non
513 1823 624 1906 gloria.
663 1824 770 1902 Quare
785 1823 994 1890 vehementer
1010 1823 1149 1903 curabis,
1172 1824 1274 1890 sime

105 1947 208 2005 amas,
224 1932 261 1992 ut
276 1932 334 1992 tua
349 1927 564 2012 intelligentia
580 1930 623 1995 sit
639 1929 782 2014 adjutrix
798 1934 928 1995 nostrae
945 1929 1134 1995 industriae.
1158 1930 1275 1994 Brevia

105 2037 140 2097 et
162 2031 248 2097 levia
270 2032 330 2097 tibi
362 2039 538 2117 praecepta
561 2034 647 2100 dabo
676 2041 709 2101 et
732 2034 826 2100 simul
850 2035 955 2114 clara,
979 2033 1065 2119 quod
1092 2035 1175 2100 alius
1198 2040 1275 2100 ante

104 2158 158 2202 me
182 2137 261 2203 fecit
288 2158 390 2203 nemo.
437 2134 532 2205 modo
564 2161 657 2220 cave,
689 2162 729 2206 ne
760 2147 792 2205 te
824 2138 946 2206 laboris
972 2146 1158 2224 pertaesum
1189 2141 1277 2206 inve·

105 2243 202 2307 niam.
257 2241 360 2325 [binde
393 2242 450 2309 des
485 2244 607 2311 dritten
641 2244 784 2329 buches]
830 2246 941 2311 Finem
977 2244 1113 2311 docendi
1147 2246 1274 2326 faciam,

105 2352 142 2412 tu
165 2367 243 2412 vero
268 2348 413 2414 discendi
435 2371 628 2434 numquam,
660 2351 688 2416 si
719 2350 813 2416 modo
839 2350 944 2434 sapis,
968 2372 1040 2416 cum
1071 2352 1154 2418 enim
1184 2350 1274 2418 nulla

105 2452 149 2518 sit
171 2453 335 2536 possessio
358 2453 509 2520 doctrina
531 2455 710 2536 honestior,
741 2453 816 2519 dum
848 2476 887 2520 ea
909 2455 1011 2520 videri
1041 2455 1139 2522 debet
1161 2456 1276 2522 hones·

104 2557 249 2638 tissima,
273 2579 356 2642 quae
385 2559 471 2625 circa
494 2581 547 2625 res
579 2580 722 2627 summas
747 2566 780 2625 et
802 2558 1011 2626 admirabiles
1043 2568 1205 2643 versatur,
1238 2567 1275 2626 ut

105 2668 183 2728 sunt
206 2662 288 2729 haec
320 2663 520 2746 rudimenta,
535 2687 635 2750 -quae
659 2664 720 2731 tibi
744 2671 778 2731 et
804 2686 863 2748 per
892 2672 925 2729 te
956 2665 1103 2731 omnibus
1133 2685 1273 2731 arcanae

105 2767 332 2852 philosophiae
363 2770 489 2854 cupidis
527 2770 646 2854 puerili
682 2770 759 2836 licet
797 2768 932 2835 artificio
970 2769 1174 2853 praebebunt
1210 2770 1274 2834 iter

106 2872 150 2938 ad
185 2874 476 2956 perscrutationem
507 2875 832 2961 profundissimarum
862 2874 1087 2953 scientiarum,
1121 2875 1173 2939 cui
1202 2894 1273 2957 gra·

106 2976 258 3044 sissimus
292 2979 487 3063 astipulatus
523 2981 616 3046 testis
653 2980 708 3045 ille
750 2979 877 3063 imperii
912 2978 1048 3043 Romani
1085 2978 1202 3044 nobilis
1240 2984 1274 3043 et

107 3104 282 3165 generosus
316 3105 423 3149 comes
457 3085 600 3150 loannes
633 3085 728 3150 Picus
764 3083 1025 3163 Mirandulanus,
1061 3082 1273 3167 Philosophus

106 3188 139 3252 in
167 3189 234 3253 suis
258 3189 515 3255 conclusionibus
541 3191 561 3269 ¹,
595 3213 694 3275 quum
718 3190 779 3269 ait,
817 3189 896 3269 „Qui
925 3188 1071 3254 ordinem
1099 3188 1272 3254 hebraicae
1302 3213 1309 3242 ι

107 3293 236 3376 linguae
260 3293 419 3377 profunde
443 3302 476 3360 et
507 3295 695 3361 radicaliter
727 3295 868 3360 tenuerit
892 3301 990 3378 atque
1020 3294 1111 3359 illum
1140 3315 1275 3379 propor-

107 3397 310 3463 tionabiliter
340 3399 373 3464 in
404 3399 547 3465 scientiis
580 3421 710 3466 servare
741 3399 880 3479 noverit,
913 3401 1130 3484 cujuscunque
1153 3400 1274 3466 scibilis

108 3502 256 3586 perfecte
283 3503 466 3570 inveniendi
496 3525 641 3570 normam
672 3510 705 3570 et
732 3504 876 3587 regulam
899 3502 1050 3569 habebit“
1078 3506 1121 3568 Et
1143 3510 1274 3570 sanctus

108 3609 157 3672 uir
180 3608 396 3691 Hieronymus
428 3609 470 3673 ad
493 3610 628 3675 Paulam
659 3608 813 3675 Urbicam
841 3609 882 3673 de
910 3608 1106 3693 alphabetho
1130 3610 1275 3674 Hebrae-

110 3733 222 3780 orum:
257 3713 334 3796 quid
364 3713 425 3779 hoc
449 3714 471 3795 2,
501 3714 624 3798 inquit,
659 3715 818 3781 sacratius
850 3715 1076 3781 sacramento?
1108 3714 1185 3796 quid
1214 3713 1274 3777 hac

682 3898 698 3934 a

182 4005 191 4052 l
215 4000 244 4050 ln
264 3999 314 4050 den
334 3999 483 4051 bekannten
502 4002 536 4051 46
550 3998 743 4051 conclusiones
762 3999 831 4050 nach
851 3999 896 4049 der
914 3998 1007 4049 schrift
1027 3996 1072 4047 des
1090 3995 1184 4046 Pihus:
1205 3997 1276 4063 Apo-

106 4087 179 4156 logia
198 4089 325 4140 tredecim
343 4091 519 4154 questionum
538 4087 620 4139 findet
637 4089 696 4139 sich
709 4088 750 4139 die
763 4088 936 4153 mitgetheilte
949 4085 1028 4136 stelle
1043 4084 1125 4135 nicht.
1183 4073 1274 4150 aquid

107 4179 156 4228 hoc
174 4178 217 4229 bis
241 4179 340 4228 intrare
364 4178 541 4242 Hieronymus
567 4191 591 4226 a.
611 4191 635 4226 a.
656 4193 679 4226 o.
700 4176 787 4243 Opera
807 4175 847 4225 ed.
871 4175 996 4225 Erasmus
1019 4173 1142 4238 (Basileae
1172 4171 1277 4224 Froben

108 4267 186 4333 1516)
204 4267 233 4316 in
254 4265 300 4317 fol.
320 4264 373 4315 vol.
393 4264 430 4316 IV
446 4244 492 4315 sol.
511 4265 569 4315 seb.
608 4265 641 4314 H.
656 4264 727 4314 fahrt
745 4265 807 4313 sort:
829 4269 855 4329 et
873 4279 980 4314 sensum
1001 4262 1126 4312 creatoris
1144 4262 1277 4328 inspicere

103 4362 129 4406 et
156 4370 294 4407 sennones
320 4353 420 4404 domini
446 4353 488 4404 dei
517 4353 555 4402 toi
587 4352 633 4418 qui
659 4352 692 4402 ab
718 4351 798 4416 hujus
823 4351 911 4401 mnndi
936 4349 1099 4417 sapientibus
1125 4349 1278 4400 deridentur

102 4444 195 4514 plenos
217 4443 315 4494 docere
335 4442 465 4509 sapientia
483 4440 615 4508 spiritali?

1029 4525 1077 4586 7*
