2798 4980
582 359 583 362 =
666 319 729 385 341

246 572 249 577 ,
432 509 534 564 Facilis
555 510 696 562 descensus
716 509 842 562 Δνεπιιο1

257 595 368 661 (Noctes
386 604 463 663 etque
483 597 540 649 dies
559 607 630 666 paret
649 600 697 648 arri
714 599 796 664 jenua
814 598 894 667 Ditis)

262 685 312 736 Sed
331 702 456 739 revocure
475 687 585 752 gradum
605 702 765 754 superasque
784 685 895 736 evadere
915 685 947 736 nd
967 700 1045 737 surus

263 773 345 824 Ηοο2
367 789 442 841 opus,
460 774 504 824 hic
524 774 599 826 iabou
619 783 665 826 est.

207 903 300 980 Quod
323 902 449 970 divinus
474 927 602 990 quoque
618 905 788 988 Pitagoras
811 902 839 968 Y
863 921 968 986 graeca
983 903 1088 969 litera
1111 904 1283 990 depingere
1339 951 1345 963 .‚

120 1007 256 1101 solebat,
281 1010 373 1094 cujus
401 1010 414 1050 ³
437 1012 557 1096 ungula
580 1011 696 1076 dextra
718 1011 750 1075 in
774 1008 874 1074 altum
898 1008 1075 1092 porrigitur
1098 1010 1181 1075 viam
1202 1010 1283 1076 iudi·

115 1114 242 1180 catione
266 1116 421 1181 virtutum
450 1116 586 1182 arduam
615 1137 653 1181 ac
685 1115 825 1180 transitu
855 1112 1028 1193 difficilem,
1051 1115 1184 1181 sinistra
1206 1137 1281 1183 vero

114 1219 241 1286 itineris
273 1221 427 1287 viciorum
456 1222 555 1288 index
585 1222 703 1306 supina
734 1226 784 1286 est
807 1225 841 1284 et
869 1218 989 1284 reflexa
1017 1220 1183 1286 insinuans
1211 1243 1283 1306 pro-

115 1346 190 1391 nam
213 1325 256 1392 ad
278 1325 365 1392 main
383 1327 532 1392 ¹facinora
557 1326 803 1411 proclivitatem.

202 1430 305 1524 Cujus
326 1431 457 1517 quidem
488 1432 625 1516 picturae
648 1430 845 1516 pytagoricae
869 1430 998 1497 Persius
1022 1452 1150 1518 quoque
1174 1433 1284 1498 memi-

112 1537 161 1602 nit
184 1537 216 1602 in
240 1536 387 1623 satyrn4.

321 1683 356 1733 Et
373 1681 423 1734 tibi
442 1699 501 1750 qun
522 1684 625 1737 Samios
645 1683 746 1734 diducit
765 1683 853 1735 littera
871 1697 957 1734 ramos

319 1772 473 1837 Surgentem
494 1772 586 1823 dextro
605 1774 761 1822 monstravit
781 1771 865 1821 limite
881 1769 973 1821 erilem

200 1899 371 1967 Terentius
394 1901 474 1967 item
497 1901 576 1968 Afer

140 2048 143 2052 -
199 2005 366 2088 ingenium
401 2007 543 2073 omnium
577 2006 741 2073 hominum
773 2005 914 2091 proclive
948 2011 999 2072 est
1030 2005 1073 2071 ad
1105 2005 1280 2088 libidinem,

114 2109 175 2175 boo
199 2116 251 2176 est
272 2110 316 2176 ad
339 2113 421 2178 vicia
445 2113 577 2179 scilicet.

203 2216 297 2295 Quod
331 2239 404 2284 cum
434 2220 482 2284 ita
512 2221 564 2298 sit,
594 2219 656 2285 viri
684 2218 897 2298 celeberrimi,
920 2217 1067 2304 paranda
1090 2226 1165 2284 suut
1187 2218 1281 2285 nobis

113 2321 303 2407 adjumenta
325 2329 424 2408 etque
447 2324 577 2404 auxilia,
601 2346 738 2409 quorum
763 2345 823 2408 ope
846 2323 930 2390 hane
953 2323 1117 2391 valeamus
1140 2324 1284 2391 arduita-

111 2433 176 2493 tem
192 2449 357 2511 superare.
385 2428 421 2493 id
437 2451 513 2495 vero
529 2451 601 2495 cum
617 2437 772 2514 putarent
787 2431 831 2494 hii
844 2428 1115 2496 baccalaureandi
1129 2429 1199 2495 fieri
1220 2452 1283 2496 non

112 2555 209 2618 posse
233 2534 294 2599 nisi
317 2555 376 2618 per
399 2534 646 2620 philosophiam,
669 2536 713 2600 nd
736 2557 807 2601 eam
823 2534 1071 2619 perdiscendam
1086 2536 1212 2600 ee'eteris
1236 2556 1284 2601 re-

111 2638 197 2703 lictis
221 2659 379 2704 summum
408 2640 550 2706 studium
582 2640 763 2720 contulere,
794 2648 831 2705 ut
861 2641 893 2704 in
917 2661 1028 2706 eornm
1052 2660 1187 2706 numero
1211 2661 1283 2724 pos·

112 2746 177 2810 sint
199 2744 294 2809 facile
319 2747 501 2830 computari
517 2748 572 2832 qui
594 2753 730 2831 propter
746 2745 888 2811 studium
912 2745 1080 2829 sapientia
1103 2744 1190 2830 quod
1213 2744 1283 2828 phi·

111 2849 291 2934 losophiam
317 2850 452 2917 dicimus
477 2858 511 2918 et
533 2858 687 2936 cognatos
711 2859 744 2916 et
764 2852 911 2916 concives
927 2857 962 2915 et
976 2851 1205 2934 possessiones,
1229 2849 1283 2915 de-

112 2956 210 3041 nique
233 2964 388 3040 parentes
412 2964 446 3023 et
468 2959 609 3042 patriam
632 2958 862 3042 relinquentes,
885 2955 1013 3022 diversa
1037 2955 1212 3036 territoria,
1236 2955 1283 3021 di-

113 3083 226 3128 versos
248 3063 393 3148 populos,
421 3062 549 3131 diuersa
577 3064 681 3129 maria
711 3062 910 3148 peregrinati
943 3067 1017 3127 sunt
1039 3082 1078 3126 ac
1102 3062 1283 3128 transivere

114 3167 216 3232 soluti
232 3168 399 3234 Platonem
422 3171 585 3235 memoriee
608 3169 765 3236 traditum
790 3175 849 3247 est,
873 3169 928 3253 qui
952 3177 988 3234 ut
1013 3169 1118 3232 varios
1141 3167 1281 3247 audiret,

115 3273 223 3340 varias
259 3275 356 3340 etiam
390 3276 538 3358 regiones
570 3284 604 3341 et
634 3277 772 3341 accessit
804 3281 838 3339 et
859 3274 1044 3340 illustravit.
1091 3273 1224 3339 Audiuit
1251 3274 1284 3339 in

115 3379 225 3446 Sicilia
241 3381 430 3466 Dyonisium
445 3383 699 3464 grammaticum,
719 3382 814 3447 Semo
830 3381 1032 3463 Pittagorum
1048 3379 1197 3463 logicum,
1220 3378 1285 3446 Ita·

115 3482 158 3551 lia
178 3486 403 3552 Parmenidem
428 3487 635 3568 rhetoricum,
659 3488 793 3573 Cyrenis
814 3485 1019 3552 Theodorum
1044 3486 1285 3569 geometricum,

116 3591 233 3676 Egipto
270 3592 473 3672 sacerdotes,
515 3593 712 3678 astrologos,
748 3613 820 3658 cum
858 3592 985 3675 pridem
1019 3591 1107 3656 iutra
1144 3592 1286 3676 patriam

120 3696 302 3764 Athenaei
335 3705 369 3763 et
400 3698 557 3764 Heracliti
592 3699 748 3783 phisicam
782 3705 815 3764 et
839 3698 981 3763 Socratis
1010 3696 1150 3762 ethicam
1179 3695 1285 3780 perdi-

117 3803 259 3881 dicisset,
287 3804 405 3869 iterum
438 3805 480 3870 ad
512 3805 640 3871 Italiam
673 3826 821 3871 reversus
854 3804 1039 3887 pitagoreos
1074 3802 1285 3868 Ferentinum

117 3915 150 3974 et
173 3908 333 3974 seniorem
358 3916 391 3974 et
416 3910 572 3976 Atthitam
598 3918 741 3975 sectatus
766 3916 824 3974 est.
850 3908 933 3987 Quid
950 3906 1176 3991 Appollonium
1201 3927 1287 3972 com-

117 4035 261 4080 memoro
286 4015 352 4080 sive
375 4016 465 4081 iilum
501 4038 650 4100 magnum
680 4022 716 4080 ut
751 4013 864 4098 vulgus
888 4013 1033 4099 loquitur
1056 4012 1123 4077 sive
1146 4011 1286 4096 philoso-

687 4151 704 4189 sie

191 4252 283 4317 lVgi.
305 4253 369 4302 Aen.
392 4254 433 4316 VI,
453 4269 476 4302 v.
505 4255 550 4303 126
572 4253 612 4304 bis
635 4256 690 4304 129.
728 4251 772 4304 ich
793 4251 861 4302 bsbe
889 4250 937 4303 den
964 4257 1021 4302 text
1048 4250 1117 4302 nach
1143 4249 1189 4302 der
1213 4250 1289 4301 teub-

115 4339 254 4390 neriuchen
274 4341 400 4407 surgatis,
422 4358 474 4392 von
487 4341 591 4392 Ribbeh
610 4342 743 4411 gegebeu3
766 4356 845 4393 mser.
861 4339 908 4391 bnt
927 4340 1003 4405 cujus
1023 4339 1158 4392 discessus
1171 4339 1290 4392 Averiui.

119 4429 235 4487 thicon:
256 4429 306 4485 hic.
366 4429 554 4493 suscense,
613 4432 781 4494 {Dioscuri
799 4428 1074 4487 rothunterstriehen.
1130 4429 1194 4480 eso
1213 4441 1289 4481 mser.
