2798 4980
686 301 727 366 11

119 485 260 552 tandem.
285 490 401 570 postea
433 485 547 554 florem
584 480 843 575 supeiinducunt
880 488 946 554 sive
983 509 1182 573 purpureum
1221 487 1287 553 sive

116 592 263 676 quemvis
292 591 408 672 alium3
438 594 550 660 eodem
578 617 637 662 nos
666 595 777 660 itidem
806 594 901 659 modo
930 593 957 658 si
980 600 1016 659 ut
1039 593 1222 659 indelebilis
1245 593 1289 658 sit

115 697 204 781 apud
235 718 295 763 nos
324 697 498 781 probitatis
521 701 658 766 scientia
681 701 842 785 cupimus,
872 720 968 784 quom
991 699 1079 764 hisce
1110 698 1288 782 disciplinis

115 802 276 869 fuerimus
308 803 439 883 imbuti,
467 797 545 870 tuuc
574 806 700 871 caeteris
723 826 854 889 operam
880 805 992 870 demus
1015 811 1049 870 et
1071 807 1164 889 quasi
1187 804 1288 869 solem

114 909 208 992 prius
237 909 270 972 iu
298 931 385 993 aqua
414 911 523 976 videre
555 912 746 991 assuefacti,
779 910 820 975 ad
844 911 947 993 ipsam
975 931 1085 975 veram
1113 910 1217 975 lucem
1240 911 1288 974 in-

115 1015 234 1078 tuitum
260 1013 391 1079 taudem
417 1015 600 1100 dirigemus.
645 1018 715 1082 Hoc
745 1017 824 1080 fecit
847 1016 939 1081 divus
962 1016 1196 1100 Hieronymus,
1226 1015 1295 1081 ho'c'

115 1121 335 1202 Augustinus,
366 1120 427 1185 hoc
457 1122 662 1202 Ambrosius,
694 1121 886 1206 Gregorius,
923 1121 1080 1199 Basilius,
1117 1119 1286 1199 Eusebius,

116 1225 325 1305 Athanasius,
350 1227 487 1292 loannes
503 1227 761 1312 Chrysostomus,
785 1226 975 1291 Lactantius
999 1247 1036 1290 ac
1061 1226 1199 1310 denique
1223 1247 1288 1290 om-

116 1353 177 1396 ues
207 1331 268 1395 viri
300 1331 573 1412 christianissimi,
603 1334 658 1417 qui
696 1353 799 1416 usque
832 1332 874 1395 ad
910 1336 1059 1414 tempora
1082 1332 1186 1396 sancti
1208 1331 1287 1396 Ber-

114 1436 212 1501 nardi
235 1457 420 1522 pervenere,
444 1443 543 1522 atque
565 1438 599 1502 in
622 1439 731 1526 aliquo
755 1437 864 1520 precio
885 1437 972 1520 apud
996 1438 1134 1520 majores
1157 1440 1286 1502 nostros

114 1541 222 1606 habiti
244 1541 345 1606 fuere.
378 1542 449 1607 Non
472 1548 581 1608 tamen
604 1565 656 1608 me
680 1543 827 1626 praeterit
849 1542 968 1607 multos
991 1563 1054 1606 nou
1077 1540 1287 1626 philosophos

115 1648 176 1712 sed
209 1647 451 1732 philopompos,
481 1670 546 1713 nou
574 1650 747 1733 magistros
770 1668 937 1712 sacrarum
960 1647 1146 1723 literarum,
1175 1668 1287 1711 verum

114 1753 335 1832 tenebrarum,
356 1775 418 1818 non
431 1753 647 1837 jurisperitos,
671 1753 729 1818 sed
753 1753 860 1836 potius
871 1753 1102 1836 jurisperditos
1119 1752 1288 1836 legulejos-

116 1881 181 1942 que
206 1879 294 1937 esse,
321 1859 376 1942 qui
400 1867 590 1924 execrantes
612 1860 775 1942 poeticum
799 1879 915 1923 nomen
939 1864 1054 1941 poetas
1083 1857 1224 1922 lasciviis
1248 1878 1287 1921 ac

114 1965 208 2046 nugis
240 1963 373 2029 deorum
405 1965 571 2047 gentilium
607 1965 745 2030 refertos
777 1985 848 2029 esse
878 1963 1073 2047 praedicant,
1107 1983 1208 2046 quare
1245 1961 1286 2027 ab

114 2068 253 2134 urbibus
278 2075 391 2135 autore
416 2069 550 2134 Platone
575 2069 652 2153 pelli
676 2069 864 2152 abolerique
890 2068 1039 2134 debeant.

206 2176 284 2239 Esto
309 2175 507 2267 concedatur
533 2175 604 2238 istis
628 2166 868 2239 detractoribus
896 2181 1011 2257 poetas
1034 2175 1207 2241 mendaces
1231 2174 1286 2241 oh

111 2301 238 2346 scocnos
262 2280 446 2364 petulantes
470 2301 557 2359 csse3
582 2289 697 2344 suntne
722 2281 855 2345 omnes?
878 2280 1007 2344 minime
1036 2281 1175 2365 quidem.
1221 2279 1286 2346 Sed

111 2394 150 2451 ut
172 2386 307 2452 istorum
332 2407 450 2469 pravas
474 2407 513 2450 ac
537 2406 707 2469 perversas
724 2385 890 2468 opiniones
913 2385 1084 2468 infringam
1108 2405 1285 2468 eorumque

111 2491 287 2557 latratibus
311 2490 449 2574 denique
473 2490 686 2570 satisfaciam,
716 2490 796 2573 ipsis
819 2511 877 2573 pro
901 2490 1022 2554 viribus
1045 2489 1198 2573 ingenioli
1221 2489 1286 2554 mei

112 2618 302 2680 responsum
335 2617 406 2661 esse
434 2601 558 2678 putent.
611 2596 645 2660 Si
675 2597 707 2660 in
742 2594 885 2677 legendis
918 2596 1022 2678 poetis
1053 2615 1131 2679 apes
1163 2594 1285 2660 imitati

111 2700 269 2766 fuerimus
285 2721 356 2785 quac
372 2721 435 2766 non
459 2721 583 2780 omues,
608 2700 665 2765 sed
688 2706 814 2764 tantum
838 2699 1009 2765 mellifluos
1033 2701 1155 2766 adeunt
1177 2700 1285 2780 flores,

112 2806 282 2871 nonnullos
298 2807 427 2889 penitus
443 2806 630 2890 decerpunt,
654 2806 780 2889 aliquos
796 2805 936 2871 intactos
952 2807 1146 2891 relinquunt,
1171 2806 1284 2871 eodem

114 2933 171 2976 nos
194 2911 307 2975 itidem
331 2911 426 2989 modo
450 2933 513 2976 nou
538 2910 686 2975 omnibus
709 2912 813 2994 poetis
836 2910 892 2975 sed
909 2912 1111 2995 praeconibus
1127 2912 1284 2976 virtutum

113 3038 150 3081 ac
181 3016 351 3081 meliorum
382 3015 560 3081 facinorum
591 3038 728 3100 quorum
759 3017 863 3100 major
896 3022 946 3081 est
976 3037 1128 3081 numerus
1152 3035 1284 3099 operam

113 3121 235 3200 demus,
250 3120 309 3186 hos
324 3120 497 3198 imitemur,
512 3121 571 3196 hos
587 3119 792 3200 veneremur,
810 3122 898 3186 hisce
915 3120 1053 3205 denique
1074 3122 1159 3188 omui
1176 3118 1283 3186 studio

113 3248 150 3291 ac
181 3226 260 3291 totis
290 3226 412 3290 viribus
443 3226 665 3292 incumbamus
695 3233 729 3292 et
762 3248 871 3293 omnes
903 3227 1030 3293 demum
1062 3227 1113 3314 (ut
1144 3226 1284 3310 apostoli

113 3331 220 3397 verbis
244 3328 334 3416 utar)
358 3330 501 3414 legamus
526 3338 559 3397 et
582 3332 669 3416 quod
692 3332 812 3397 bonum
836 3334 878 3397 sit
900 3333 1106 3397 retineamus.

202 3436 266 3502 Sed
289 3436 368 3520 quid
392 3432 518 3502 multa?
540 3459 667 3521 possem
691 3438 952 3521 garrulatoribus
975 3439 1048 3503 istis
1072 3445 1141 3503 tum
1165 3438 1286 3505 autori·

112 3548 181 3608 tate
205 3548 335 3626 patrum
359 3549 544 3607 nostrorum
567 3543 681 3620 fretus,
705 3550 773 3608 tum
797 3544 896 3608 etiam
914 3543 1094 3609 rationibus
1118 3544 1286 3630 exemplis-

113 3669 173 3732 que
198 3647 376 3730 gentilium,
400 3654 436 3712 ut
457 3649 576 3731 optime
593 3650 688 3728 nosti,
713 3647 863 3713 suffultus
880 3648 1007 3732 copiose
1024 3670 1062 3712 ac
1079 3649 1287 3715 abundanter

112 3753 298 3832 ostendere,
331 3773 428 3836 quam
461 3754 555 3818 utilia
583 3754 727 3838 jucunda
758 3754 1006 3838 necessariaque
1041 3755 1190 3820 omnibus
1217 3755 1286 3820 haec

112 3859 175 3923 sint
198 3858 324 3937 studia,
353 3859 416 3922 nisi
445 3880 584 3939 vererer,
608 3882 648 3924 ne
673 3882 745 3925 cum
769 3860 848 3944 ipsis
873 3860 969 3941 digna
993 3859 1113 3938 dicam,
1138 3859 1216 3923 mihi
1239 3859 1286 3923 iu-

112 3963 207 4046 digna
225 3963 345 4028 dixisse
370 3963 490 4029 videar.
537 3965 614 4029 Haec
638 3966 681 4029 ad
705 3972 737 4030 te
763 3971 946 4048 propteroa,
971 3965 1108 4029 loannes
1133 3965 1286 4030 amantis-

112 4070 198 4148 sime,
224 4069 393 4133 verbosius
407 4090 504 4153 quam
519 4071 686 4153 opportuit
702 4076 859 4154 tanquam
877 4070 918 4133 ad
934 4075 1074 4152 portum,
1099 4076 1286 4152 patronum-

114 4195 172 4257 que
196 4195 236 4239 ac
260 4174 456 4238 tutissimum
480 4175 638 4258 refugium
664 4174 970 4258 receptaculumque
987 4173 1286 4240 literatissimorum

114 4277 275 4345 hominum
293 4281 433 4360 exarari,
458 4286 494 4345 ut
517 4281 593 4345 viris
618 4280 771 4344 studiosis
795 4279 1043 4364 liberaliumque
1060 4281 1180 4345 artium
1198 4281 1287 4365 eupi-

114 4383 159 4451 dis
182 4386 386 4466 subvenires,
411 4385 570 4469 dignitati,
594 4385 716 4470 gloriae,
741 4384 845 4465 laudi,
869 4384 1069 4470 utilitatique
1087 4383 1285 4469 Reipublicae

566 4518 573 4545 l
