2798 4980
674 1087 716 1154 1·.

183 1195 268 1244 aur.
1168 1198 1227 1244 nn.

284 1298 413 1374 Oratio
441 1299 691 1399 probatimimi
719 1299 883 1373 Joannis
911 1300 1111 1375 Renchlin.

199 1486 234 1551 si
257 1488 329 1572 quis
345 1498 497 1565 restrum,
520 1489 634 1571 optimi
653 1487 925 1571 celeberrimique
941 1489 1014 1566 nri,
1038 1490 1177 1565 miratur,
1194 1483 1252 1570 quid

112 1593 155 1657 ait
176 1592 264 1675 qnod
286 1594 320 1657 in
342 1603 409 1657 tam
433 1594 640 1658 onratissimo
660 1614 816 1657 consessu
839 1593 1099 1659 clarissimorum
1121 1593 1253 1658 hominum

112 1697 263 1781 illepidus
286 1721 344 1783 ego
368 1700 456 1764 velut
476 1702 484 1737 ¹
509 1698 661 1763 balbidus
676 1698 833 1782 trepidus,
849 1698 940 1764 velut
963 1700 1074 1765 infans
1089 1700 1184 1764 ausim
1201 1715 1254 1760 cra·

113 1804 234 1868 tionem
257 1805 298 1869 de
321 1806 441 1870 nostris
468 1803 758 1869 baccuhureandis
784 1803 828 1867 ad
862 1825 920 1868 ros
951 1805 1102 1887 perferre
1124 1805 1137 1844 2
1163 1818 1253 1868 accur

113 1930 176 1974 non
203 1912 316 1994 pocius
348 1911 408 1975 hoc
439 1932 520 1976 onus
543 1908 671 1973 dicendi
699 1908 926 1974 colendissimo
950 1909 1137 1994 magistro⁸
1157 1903 1252 1976 Jacobs

114 2014 243 2097 llugoni
279 2017 458 2081 institutori
494 2037 567 2080 meo
599 2013 814 2078 venerabili⁴
844 2015 1059 2098 reliquerim?
1089 2040 1109 2081 a
1130 2036 1185 2100 quo
1204 2031 1254 2076 sus-

114 2123 186 2204 cepi
209 2121 422 2186 Memoretum
444 2122 529 2186 idem
554 2129 586 2184 et
611 2121 848 2197 Demostenem,
872 2121 905 2183 in
929 2121 1039 2186 forum
1058 2119 1194 2205 judiciali
1211 2135 1252 2180 se

114 2227 189 2310 pius
216 2228 399 2290 cumomni
429 2226 564 2290 ridiculo
591 2226 659 2308 jam
683 2225 813 2290 illusum
841 2227 908 2309 jam
935 2228 1153 2310 vituperatum
1178 2219 1253 2287 rerba

114 2330 290 2396 contulisse
318 2353 382 2416 quo
405 2332 506 2414 magis
534 2340 567 2395 et
590 2330 775 2395 facundiam
807 2343 841 2396 et
864 2332 995 2397 dicendi
1018 2322 1182 2398 andaciam
1200 2346 1253 2392 con·

115 2442 316 2518 sequeretur.

204 2542 265 2607 Est
295 2550 455 2626 praeterea
484 2545 516 2608 iu
546 2544 605 2610 hoc
639 2567 720 2609 noro
751 2544 880 2608 dicendi
911 2566 1047 2611 munere
1078 2566 1173 2610 causa
1195 2534 1252 2604 nihi

117 2647 228 2716 oblata
250 2648 405 2714 facilior³
428 2671 492 2715 nou
525 2657 652 2715 tantum
685 2649 726 2714 ob
758 2670 814 2714 eas
843 2671 1001 2733 personas
1025 2651 1066 2715 de
1090 2650 1196 2735 quibus
1212 2637 1254 2707 sed

116 2763 282 2823 eteorum
314 2754 431 2839 quibus
461 2754 561 2821 verba
599 2777 669 2820 snm
698 2757 887 2838 utrumque'
903 2755 1062 2821 facturus,
1109 2749 1252 2821 Dicendum

116 2868 168 2929 est
190 2861 273 2927 enim
297 2869 365 2927 tum
381 2861 421 2926 de
437 2860 588 2926 laudibus
603 2860 958 2926 baccalaureandorum
973 2863 1186 2943 praesentium,
1204 2861 1253 2918 lum

116 2968 204 3051 apud
228 2989 298 3045 vos,
325 2967 471 3050 inquam,
499 2967 747 3032 humanissimos
776 2965 1088 3050 benignissimosque
1120 2967 1208 3039 viros,
1230 2955 1253 3018 in

118 3095 183 3160 quo
218 3072 296 3137 mibi
318 3094 380 3138 non
404 3080 471 3137 tam
498 3072 751 3156 multiplicanda
781 3072 938 3137 orationis
962 3096 1060 3157 quam
1092 3071 1253 3146 restringen-

117 3183 168 3247 dae
192 3181 204 3218 ⁸
226 3179 340 3246 modus
363 3179 578 3262 exquirendus
602 3186 661 3244 est.
707 3179 823 3262 ltaque
848 3177 992 3242 breviter
1015 3187 1054 3243 ut
1077 3177 1160 3243 unde
1181 3183 1253 3238 caum

117 3286 315 3353 laudationis
342 3286 417 3351 iude
441 3293 474 3351 et
501 3284 656 3351 orationis
687 3282 919 3367 proficiscatur.
967 3284 1121 3349 Veterum
1144 3276 1253 3366 philon

119 3391 255 3476 phorum
279 3392 437 3456 unanimis
461 3398 511 3456 est
534 3411 707 3455 consensus
724 3388 874 3467 omnium,
898 3388 1035 3454 arduam
1059 3411 1130 3454 esse
1152 3372 1251 3450 virtutis

118 3497 201 3561 viam
223 3496 448 3580 difficilemque
471 3518 510 3561 ac
532 3494 729 3560 laboriosnm
753 3493 878 3558 aditum
899 3491 942 3558 ad
972 3492 1253 3577 probitatem30011·

118 3613 172 3671 tra
198 3626 274 3670 vero
297 3601 470 3687 proclivem
493 3602 525 3665 in
560 3601 638 3665 vitia
668 3601 794 3664 ruinam
816 3598 1070 3682 facillimumque
1095 3599 1185 3676 factu,
1203 3601 1254 3654 ³²⁸⁰

120 3710 249 3795 flagitiis
269 3711 468 3791 immergere.

207 3817 276 3883 Hoc
299 3814 387 3902 apud
411 3814 577 3881 Maronem
601 3819 634 3879 et
664 3813 828 3897 eleganter
852 3816 885 3876 et
908 3809 1070 3895 platonice
1095 3808 1198 3878 Sibilla
1215 3795 1251 3862 his

120 3923 265 3992 versibus
289 3921 452 3991 concinuit
468 3920 494 3985 ⁷:

692 4070 709 4111 a

192 4183 401 4235 1Vsludmacr.
475 4181 544 4232 aso
558 4193 635 4230 macr.
710 4179 819 4245 alligo
833 4192 910 4229 macr.
985 4174 1181 4230 lvcnarabllia
1196 4173 1253 4220 macr·

119 4267 160 4318 bis
180 4284 211 4319 uu
231 4271 328 4322 diesem
350 4277 429 4320 wortc
449 4285 500 4320 von
520 4269 618 4334 ansang
637 4283 669 4316 an
690 4266 890 4317 nuterstrichen.
964 4267 980 4315 ὁ
1001 4267 1035 4316 So
1056 4281 1144 4329 mser,
1160 4258 1203 4314 soll
1218 4246 1254 4300 ”⁰¹

120 4355 239 4408 latacen:
259 4356 399 4410 difficilior.
472 4359 487 4408 6
506 4353 705 4420 Rastriugendi:
725 4369 801 4405 mser.
876 4358 889 4403 7
912 4355 961 4403 Dis
981 4353 1121 4420 folgenden
1140 4362 1214 4406 verse,
1228 4338 1254 4386 iffi

120 4458 195 4498 macr.
215 4443 288 4498 nicht
307 4444 461 4515 abgetlrcilt,
481 4445 540 4497 roth
560 4443 761 4494 untcrstrichcn.
