2798 4980
671 334 734 403 158

118 521 281 590 brevitate
310 531 389 592 tunc
416 526 573 611 temporis
603 530 770 593 coartatus
791 522 923 605 fuisset,
950 544 1011 609 per
1032 546 1131 611 quam
1151 525 1262 612 quiden

118 628 373 697 declarationem
404 653 508 698 meam
539 631 683 699 satisfeci
716 629 827 696 multis
857 629 956 697 etiam
983 630 1175 699 doctissimis
1199 631 1260 698 viris

119 742 155 801 et
176 735 338 802 illustravi
360 736 463 804 ferme
486 760 597 804 omnes
618 735 868 822 propositiones,
897 734 948 802 vel
977 737 1133 821 majorem
1154 742 1257 823 partem

118 861 241 922 earum,
265 863 347 927 quas
361 842 440 907 milri
460 843 722 926 prestantissimi
745 846 778 907 et
792 841 973 925 gravissimi
986 847 1100 925 patres
1115 842 1255 909 facultatis

117 952 183 1012 ture
213 968 297 1013 nunc
327 948 586 1027 transmiserunt,
615 948 807 1027 scribentes,
837 946 923 1031 quod
953 947 1000 1012 eis
1030 947 1109 1034 ipsis
1131 948 1254 1015 videatur

118 1072 171 1118 me
193 1074 258 1119 non
281 1053 380 1119 satis
402 1073 462 1136 pro
477 1052 553 1119 fidei
576 1074 655 1119 mere
671 1055 868 1138 synceritate
883 1073 980 1136 super
994 1051 1061 1121 illis
1077 1072 1252 1140 expurgasse

118 1158 164 1223 At
178 1179 239 1242 ego
259 1158 338 1243 quid
358 1158 469 1224 satis
484 1158 528 1224 sit
549 1160 596 1225 eis
619 1159 761 1224 futurum
784 1154 845 1244 (ita
866 1178 918 1223 me
934 1158 1023 1224 Deus
1037 1156 1138 1247 amet)
1158 1160 1252 1244 ignoro

118 1263 233 1330 Potest
267 1283 334 1328 una
364 1263 542 1349 eademque
574 1284 627 1330 res
662 1263 757 1329 alteri
785 1264 864 1330 satis
895 1282 981 1344 esse,
1011 1263 1109 1331 alteri
1142 1264 1253 1330 minima

119 1367 290 1434 Satietas¹
327 1370 411 1434 enim
442 1370 475 1435 in
504 1370 573 1437 solo
607 1368 747 1435 satiandi
784 1369 890 1434 auimo
917 1369 1066 1437 consistit
1095 1390 1154 1454 pro
1180 1358 1252 1437 mode

120 1473 318 1557 recipientis,
342 1486 377 1540 et
398 1496 462 1540 non
485 1475 533 1541 rei
555 1481 704 1559 recepta.

207 1579 256 1644 Tu
279 1599 355 1645 vero
379 1579 495 1646 doctor
516 1581 660 1665 egregie,
683 1579 889 1662 mihicrede,
912 1586 947 1647 et
970 1580 1132 1647 memorie
1152 1576 1254 1657 manda

118 1705 170 1750 me
203 1685 263 1751 tibi
286 1684 319 1751 id
342 1686 534 1766 affirmasse,
564 1708 625 1770 pro
658 1707 696 1752 eo
728 1685 897 1771 desyderio
929 1687 1017 1772 quod
1050 1691 1101 1753 est
1128 1679 1256 1751 mihiad

117 1789 207 1855 illum
238 1791 491 1857 clarissimorum
519 1798 553 1856 et
581 1791 840 1858 doctissimorum
869 1791 1011 1857 virorum
1039 1796 1170 1871 coetnm,
1193 1786 1256 1855 vello

116 1917 178 1976 me,
201 1897 324 1964 relictis
347 1896 496 1963 omnibns
519 1897 657 1977 auxiliis,
681 1897 848 1981 cupienter
871 1917 942 1963 esse
963 1897 997 1962 in
1021 1896 1107 1963 bona
1134 1893 1257 1962 amicicia

116 2000 282 2067 facultatis
312 2008 392 2083 tuae,
419 2008 453 2068 et
481 2002 642 2069 universis
665 2002 755 2068 vobis
778 2002 966 2069 satisfacere
994 2002 1029 2067 in
1052 1999 1258 2077 maranata

116 2110 226 2172 tamen
249 2108 374 2192 absque
397 2107 555 2173 dedecore
578 2129 650 2175 meo
674 2114 708 2174 et
731 2107 800 2174 sine
823 2108 890 2175 ulla
912 2108 1051 2175 infamia
1076 2106 1259 2191 levitatisque

116 2215 210 2291 nota,
240 2212 465 2280 tantummodo
493 2219 530 2279 ut
558 2214 658 2280 sciam
686 2213 826 2299 qualiter
854 2218 888 2279 et
917 2234 982 2298 qua
1009 2213 1072 2279 via.
1122 2210 1210 2293 Quod
1232 2211 1260 2274 nt

117 2334 308 2400 consequar,
330 2317 426 2399 plane
450 2324 556 2385 vestro
572 2319 700 2403 ingenio
716 2320 780 2385 erit
793 2339 883 2403 opus,
905 2339 970 2386 non
985 2340 1068 2386 meo.
1115 2312 1259 2397 Quomodo

117 2420 202 2486 enim
225 2426 381 2507 tanquam
404 2421 507 2490 laicus
530 2423 685 2509 digamus,
707 2423 797 2490 nullo
819 2423 965 2508 gaudens
988 2424 1162 2491 clericatus
1181 2418 1259 2488 titulo

116 2524 168 2591 vel
189 2526 371 2612 privilegio,
401 2548 529 2611 possem
558 2529 652 2614 digne
680 2551 751 2614 quae
783 2536 858 2596 sunt
886 2528 962 2596 fidei
992 2530 1038 2596 ad
1068 2548 1202 2615 unguem
1220 2546 1260 2593 ss·

115 2630 238 2715 plicare
260 2633 367 2717 prima
389 2633 504 2714 fronte,
535 2634 591 2719 qui
613 2633 715 2701 solum
747 2634 789 2700 ad
811 2635 1001 2721 implicitam
1029 2635 1188 2720 obligatus
1205 2650 1260 2698 sum

116 2735 193 2804 fidei
217 2739 460 2821 confessionem,
490 2740 666 2806 secundum
690 2739 776 2825 quod
800 2741 904 2807 credit
926 2740 1075 2823 ecclesia,
1097 2746 1136 2808 ut
1155 2738 1259 2824 injure

115 2846 272 2911 canonico
294 2845 420 2930 legitur.
466 2846 585 2912 Vestra
609 2866 685 2912 vero
708 2852 777 2912 tum
799 2845 951 2931 dignitas,
974 2852 1045 2913 tum
1067 2841 1259 2933 professioin

115 2948 232 3017 altiore
256 2950 360 3035 gradu
382 2951 560 3017 constituta
591 2957 650 3018 est.
696 2953 761 3019 Vos
787 2951 981 3037 presbyteri
1009 2953 1132 3038 duplici
1158 2951 1258 3017 honore

115 3055 202 3140 digni
227 3057 323 3137 estis,
356 3059 411 3142 qui
443 3056 602 3124 laboratis
635 3058 669 3123 in
703 3058 801 3124 verbo
837 3063 870 3124 et
893 3058 1048 3140 doctrina,
1071 3064 1111 3125 ut
1132 3056 1194 3125 et²
1216 3072 1259 3121 sos

114 3159 202 3245 ipsos
234 3161 341 3229 salvos
370 3161 499 3229 faciatis
526 3168 560 3229 et
583 3184 638 3228 eos
667 3163 723 3248 qui
745 3184 802 3230 vos
829 3162 975 3231 audiunt.
1021 3164 1056 3232 si
1079 3185 1131 3231 me
1152 3159 1258 3249 putatis

114 3266 221 3332 adhuc
247 3267 356 3352 aliquo
388 3268 506 3335 delicto
528 3273 791 3354 praeoccupatnm
823 3290 911 3350 esse,
940 3290 998 3336 vos
1029 3270 1088 3355 qui
1118 3264 1260 3355 spiritales

115 3371 204 3450 estis,
228 3378 264 3436 ut
287 3372 329 3437 ad
346 3372 481 3440 Galatas
497 3373 610 3440 scribit
625 3373 798 3457 Apostolus
809 3372 835 3454 ⁸,
863 3374 1032 3455 ,instruite
1046 3396 1100 3440 me
1114 3373 1147 3440 in
1162 3370 1260 3459 spiritu

114 3475 370 3543 mansuetudinis
394 3485 428 3544 et
451 3479 604 3560 lenitatis,
627 3478 843 3562 consyderans
865 3485 898 3544 te
919 3480 1024 3564 ipsum
1039 3501 1081 3546 ne
1105 3486 1139 3546 et
1159 3485 1194 3545 tu
1207 3482 1261 3542 ten·

113 3580 226 3646 teris“.
258 3580 334 3658 Quae
355 3582 455 3648 verba
470 3584 607 3650 multum
622 3583 834 3668 ponderanda
849 3589 934 3664 sunt,
955 3585 1040 3651 sient
1054 3585 1163 3652 omnia
1176 3578 1260 3649 Pauli

202 3685 247 3753 Te
270 3687 370 3772 igitur
392 3690 510 3754 iterum
530 3695 629 3774 atque
644 3690 762 3755 iterum
779 3710 845 3769 0r0,
868 3689 1078 3775 obtestorque
1093 3710 1153 3776 pro
1168 3693 1260 3755 vetere

111 3799 225 3860 nostra
252 3793 476 3878 conjunctione
507 3814 546 3858 ac
569 3793 824 3875 necessitudine,
854 3816 978 3880 proque
1001 3816 1129 3863 summa
1150 3790 1261 3860 meain

111 3904 146 3964 te
168 3898 397 3979 benivolentia,
421 3905 454 3964 et
477 3904 535 3964 tua
557 3898 590 3962 in
613 3920 664 3964 me
686 3900 826 3983 pariter,
857 3905 895 3965 ut
916 3920 976 3984 pro
998 3922 1051 3968 me
1083 3901 1172 3988 apud
1194 3916 1261 3986 pra·

112 4002 327 4071 clarissimum
352 4013 384 4070 et
406 4004 597 4089 primarium
620 4002 786 4070 doctorem
807 4005 966 4071 Jacobnm
989 4006 1163 4087 decanum,
1184 4007 1261 4071 catc-

112 4127 230 4194 rosque
262 4109 550 4178 excellentissimos
579 4109 785 4194 amplissima
811 4109 918 4178 laudis
949 4111 1118 4195 doctores,
1152 4106 1260 4177 thecle

185 4374 197 4418 1
218 4371 332 4425 satietas
341 4373 383 4427 bis
394 4373 470 4430 Pauli
481 4375 652 4445 ausgelassen
671 4385 695 4432 2.
704 4381 773 4432 enim
787 4376 959 4448 congelassen
980 4382 1004 4436 3.
1023 4388 1049 4435 et
1061 4374 1260 4452 suegelassend

112 4456 127 4509 2
147 4453 180 4513 m
203 4459 372 4530 ausgelmsen
392 4467 417 4515 8.
490 4468 683 4536 tspirituales
709 4472 733 4523 t.
752 4468 811 4521 Gal.
830 4471 860 4536 6,
887 4475 909 4522 1.
