2798 4980
669 343 772 440 aas,

116 528 185 598 Sed
208 530 273 596 hen
295 531 406 597 irritos
428 532 566 599 labores.
612 534 718 599 Testis
733 542 884 617 superest
899 534 1145 616 Sunthusenius,
1171 537 1227 621 qui
1250 543 1284 604 et

115 637 189 721 ipse
214 643 248 701 te
271 643 362 702 amat
376 643 410 702 et
425 638 513 704 colit.
558 638 618 706 His
634 638 769 704 auribus
793 639 910 718 audivi,
934 640 977 704 mi
992 641 1169 706 reverende
1185 648 1290 726 pater,

115 742 231 807 audivi
261 743 404 827 inquam,
436 744 514 827 quid
543 745 748 827 responde-rit
777 745 905 810 cuidam
929 747 1013 811 male
1036 746 1190 831 loquenti.
1244 749 1288 814 Te

115 847 241 913 bonum
272 854 306 913 et
328 848 459 914 doct-um
481 853 583 915 virum
617 871 688 915 esse
711 851 907 934 predicavit,
932 853 1034 915 eciam
1058 852 1086 917 si
1110 853 1301 918 adversarii·

113 960 351 1037 rumperentur
378 954 508 1019 invidia.
555 955 679 1021 Aderat
709 963 779 1021 tum
802 956 936 1041 quidam
968 959 1135 1040 gregarius
1153 962 1173 1038 1,
1206 979 1288 1042 pene

112 1060 287 1144 proprium
309 1080 425 1125 nornen
455 1061 574 1126 excidit
595 1060 688 1139 mihi,
712 1067 749 1128 tu
770 1061 923 1145 intelligis
947 1064 1019 1146 quis
1043 1065 1086 1127 sit
1114 1065 1169 1129 ille
1193 1086 1288 1150 quem

111 1166 263 1231 latenter
285 1171 380 1232 taxas
401 1167 434 1231 in
450 1167 608 1251 apologia.
648 1168 734 1233 Male
749 1168 858 1234 valeat
873 1169 1156 1252 arrogantissimus
1172 1171 1288 1257 scriba.

111 1271 165 1336 'I'u
189 1269 416 1337 benevaleas.

208 1380 297 1441 Mser.
314 1380 367 1441 der
382 1381 456 1443 Mut.
473 1378 565 1443 briefe
580 1397 644 1442 nro.
663 1385 737 1458 494,
753 1383 803 1445 fol.
821 1384 883 1447 313
901 1401 943 1458 sq.

651 1567 760 1633 ccxl.

189 1652 255 1704 Rom
970 1656 1029 1720 (vor
1051 1661 1062 1707 1
1083 1657 1141 1708 Juli
1163 1660 1252 1725 1515.)

255 1742 386 1817 Petrus
406 1741 605 1818 Galatinus
624 1743 870 1818 Minoritanus
889 1770 938 1818 an
956 1744 1151 1819 Reuohlin.

206 1867 244 1931 R.
277 1866 325 1932 sei
354 1888 390 1931 so
414 1866 540 1950 gelehrt
562 1867 629 1932 und
653 1889 689 1932 so
713 1866 803 1931 reich
827 1887 869 1931 an
898 1867 1121 1948 verdiensten,
1153 1866 1229 1933 dass
1252 1890 1288 1934 er

106 1972 184 2039 sich
220 1992 273 2036 am
307 1971 423 2038 beaten
450 1972 553 2038 durch
584 1973 694 2037 seinen
723 1972 854 2056 eigenen
885 1973 987 2038 werth
1020 1972 1191 2038 beschiitae
1221 1973 1289 2038 und

105 2077 230 2145 keiner
260 2077 408 2143 fremden
445 2078 689 2161 verthoidigung
720 2077 864 2144 bediirfe.
917 2078 1004 2155 Quas
1035 2077 1076 2143 ob
1107 2100 1160 2143 res
1190 2099 1288 2163 quom

107 2204 221 2268 neque
249 2189 285 2248 tu
314 2184 505 2268 cujusquam
535 2184 737 2267 protectione
760 2205 842 2267 opus
866 2182 1003 2264 habeas,
1035 2205 1141 2268 neque
1165 2183 1288 2268 scripta

106 2295 172 2355 tua
204 2288 309 2354 alieno
341 2287 510 2354 defensore
543 2294 674 2372 egeant,
710 2288 798 2354 haud
827 2310 990 2374 quaquam
1023 2297 1112 2355 certe
1143 2311 1224 2374 opus
1247 2289 1287 2354 de

106 2394 243 2461 arcanis
258 2392 427 2459 catholicae
442 2394 589 2459 veritatis
612 2396 644 2459 in
660 2394 867 2460 thalmudicis
882 2395 974 2461 libris
991 2396 1161 2475 contentis,
1187 2411 1287 2481 super

108 2499 271 2566 articulos
294 2506 407 2565 contra
434 2499 579 2565 libellum
603 2507 694 2565 tuum
719 2499 847 2565 oculare
871 2501 1039 2583 speculum
1062 2508 1285 2584 nuncupatum

109 2605 286 2685 exhibitos,
301 2605 471 2670 fundatum
480 2627 654 2690 aggressus
670 2604 812 2684 fuissem,
821 2605 883 2669 nisi
894 2606 1154 2671 reverendissimi
1167 2605 1288 2670 domini

109 2711 180 2775 mei
212 2717 397 2776 sanctorum
423 2716 443 2774 4
472 2710 706 2776 Coronatorum
737 2710 941 2774 cardinalis2
971 2717 1005 2775 et
1027 2711 1288 2775 reverendissimi

109 2815 250 2880 Adriani
266 2817 467 2900 aliorumque
484 2816 687 2901 quorundam
702 2816 885 2898 principum
900 2814 1114 2879 cardinalium
1131 2816 1187 2898 qui
1204 2815 1286 2878 veri·

111 2920 197 2987 tatis
218 2920 428 2986 discutiendae
444 2924 559 3006 gratia,
584 2922 643 2987 hoc
659 2920 738 2985 mihi
753 2921 860 2985 oneris
875 2921 1107 3003 imposuerunt,
1128 2919 1288 3002 jussiones

111 3026 158 3092 ad
180 3027 218 3092 id
242 3049 293 3092 me
316 3049 398 3111 pene
421 3028 557 3092 inviIum
574 3027 785 3092 induxissent.
832 3025 891 3090 Cui
913 3025 1043 3108 quidem
1068 3025 1160 3107 operi
1176 3045 1286 3107 quam-

111 3133 164 3200 vis
198 3131 356 3200 hacteuus
380 3155 505 3199 summa
528 3155 600 3199 cum
625 3132 792 3215 diligentia
814 3131 965 3197 insistere
994 3150 1057 3195 non
1082 3130 1280 3208 destiterem,

111 3247 185 3304 tum
196 3244 234 3304 ut
249 3239 424 3305 eorundem
434 3240 616 3323 principum
632 3238 844 3303 cardinalium
857 3235 1001 3321 jussibus
1016 3221 1285 3318 obtemperarem,

111 3351 184 3411 tum
201 3344 503 3427 probatissimorum
519 3346 661 3410 virorum
677 3343 792 3409 Jacobi
809 3342 1055 3425 Questemhergi
1077 3343 1189 3425 graecis
1212 3340 1288 3406 lati·

112 3451 231 3534 nisque
255 3450 358 3515 literis
388 3449 583 3535 pereruditi,
607 3448 741 3515 Joanuis
765 3448 915 3513 Potikaui
937 3448 972 3512 in
998 3447 1182 3513 Chaldiaois
1205 3467 1286 3530 prae·

112 3554 259 3640 ceptoris
282 3545 385 3635 mei,³
416 3555 572 3639 Stephani
594 3555 706 3620 Rosini
732 3554 937 3642 *imperatorii
965 3554 1187 3638 procuratoris
1210 3552 1287 3636 vigi·

112 3660 298 3740 lautissimi,
332 3666 366 3726 et
397 3660 572 3745 Chasparis
597 3660 833 3743 Vaingensis,4
871 3661 926 3744 qui
958 3681 1069 3725 omnes
1104 3681 1172 3725 rem
1195 3665 1286 3722 tuam

113 3767 204 3834 omni
235 3767 357 3845 studio,
389 3767 538 3850 omnique
566 3765 665 3830 animi
695 3765 906 3849 corporisque
935 3766 1048 3830 labore
1079 3784 1194 3829 curare
1222 3784 1285 3827 non

111 3872 277 3952 desinunt,
300 3872 438 3939 assiduis
454 3869 734 3938 exhortationibus
752 3871 886 3934 maxime
903 3877 1009 3935 motus
1032 3890 1073 3934 ue
1099 3869 1204 3933 dicam
1226 3868 1285 3931 im-

111 3979 240 4067 pulsus.
286 3979 367 4044 Amo
397 3985 506 4044 tamen
530 3999 629 4043 causa
653 3976 701 4040 tui
730 3997 767 4040 eo
792 3977 976 4040 accuratius
1004 3976 1055 4039 rei
1079 3972 1282 4057 perficiendae

107 4105 252 4171 ,operam
276 4083 355 4150 dare
379 4084 536 4166 conabor,
560 4105 625 4167 quo
654 4081 830 4165 gratiorem
862 4081 924 4146 tihi
948 4102 1016 4146 rem
1040 4101 1091 4145 me
1120 4080 1285 4144 facturum

191 4267 202 4313 l
225 4261 379 4330 Gregorius}
399 4261 533 4314 vielleicht
545 4262 635 4313 Jakob
648 4197 743 4313 (londa
761 4276 782 4310 s.
802 4275 825 4310 ο.
847 4258 935 4310 adan.
951 4260 1026 4309 1514.
1046 4257 1105 4308 Nro.
1119 4255 1285 4306 CLXXVIII.

110 4357 126 4405 2
149 4354 253 4403 [torena
275 4353 362 4402 Pucci.
437 4355 451 4401 3
474 4352 574 4402 Potlren
598 4368 616 4402 s.
638 4368 661 4401 o.
681 4366 737 4400 nro.
757 4347 822 4398 CCI.
895 4352 910 4395 4
932 4347 990 4412 Vgl.
1011 4347 1052 4397 die
1071 4346 1233 4409 hemerkung
1252 4361 1285 4393 au

109 4457 168 4493 nro.
190 4440 384 4490 CLXXXXVI.
1022 4510 1080 4568 16*
