2798 4980
668 309 731 375 331

100 493 156 560 ris
182 497 218 560 at
239 492 401 577 impensas,
425 488 567 575 mihique
591 489 757 557 aSummo
780 487 935 559 Pontifica
951 489 1192 575 demandatum,
1215 494 1283 563 tuis

98 597 272 665 uetuisset
294 595 464 664 desideriis
488 596 694 677 satisfacere,
718 597 869 682 quoniam
893 619 956 664 nou
980 598 1048 665 sine
1072 620 1144 666 meo
1166 623 1282 686 magno

95 702 315 770 incommodo
339 702 431 788 (dum
448 702 586 768 Talmud
603 709 652 768 cst
675 704 707 767 in
724 703 886 786 manibus)
910 702 996 788 quod
1025 707 1146 788 rogasti
1169 713 1282 791 posset

96 808 271 894 expediri.
316 809 414 875 Hoc¹
449 815 557 875 tamen
590 831 673 873 nunc
701 809 804 874 solum
837 809 880 874 ad
907 810 947 874 ds
982 811 1132 890 mittitur,
1155 811 1281 896 reliqua

94 935 188 985 vero
217 915 308 992 alias,
331 915 399 979 Deo
433 913 541 990 dante,
577 915 775 980 commodius
800 915 1008 981 excudentur.
1056 915 1148 982 Nunc
1170 924 1280 983 autem

96 1021 262 1106 ingratus
285 1027 319 1087 et
341 1019 534 1085 inhumanus
558 1019 637 1085 mihi
655 1020 774 1099 videar,
791 1023 852 1086 nisi
875 1028 966 1087 tuum
982 1043 1107 1100 nomen,
1123 1029 1279 1106 quantum

94 1127 136 1192 in
163 1147 220 1191 me
244 1131 308 1206 est,
332 1125 507 1190 aeternitati
529 1125 747 1197 mandandum
772 1148 891 1205 curem,
915 1135 961 1207 ut,
985 1127 1072 1212 quod
1095 1129 1160 1194 tuis
1179 1128 1280 1212 jussis

94 1238 254 1316 creptum
278 1239 336 1310 est,
360 1232 425 1296 tuis
441 1231 549 1308 etiam,
574 1233 719 1316 quamvis
735 1232 837 1297 mult-o
860 1232 969 1316 plures
992 1254 1031 1298 ac
1054 1234 1194 1316 majores
1216 1254 1281 1298 ms·

94 1339 226 1416 rearis,
249 1336 400 1402 laudibus
423 1335 620 1402 absolvatur.
645 1337 746 1416 Quem
763 1338 847 1404 enim
864 1339 1033 1421 patiuntur
1057 1345 1120 1402 tuae
1144 1338 1280 1404 virtutes

94 1441 369 1528 praeclarissimae
383 1444 484 1508 'tuum
517 1443 646 1507 silentio
676 1464 792 1509 nomen
821 1444 1087 1527 praetermittere,
1116 1465 1215 1527 quum
1238 1441 1279 1509 dc

96 1548 252 1617 hebraeis
275 1549 453 1632 grecisque
477 1548 589 1627 literis,
614 1556 651 1613 ut
674 1548 739 1615 late
766 1555 872 1633 patet,
895 1549 940 1613 sis
963 1548 1075 1613 ede02
1108 1546 1189 1612 benc
1213 1569 1279 1612 me·

94 1655 213 1734 ritus,
244 1653 330 1738 quod
362 1644 484 1738 justius
514 1653 577 1719 dici
606 1660 699 1737 potes
734 1655 806 1720 aliis
838 1661 952 1733 natus,
984 1674 1081 1738 quam
1113 1653 1174 1718 tibi
1206 1653 1278 1737 ipsi.

94 1761 193 1826 Nam
217 1757 356 1826 alienam
379 1765 443 1825 tuae
472 1780 602 1843 semper
628 1760 804 1826 utilitatem
839 1757 1020 1845 praetulisti,
1044 1766 1102 1823 tua
1126 1757 1209 1823 enim
1233 1759 1280 1824 in·

94 1865 238 1937 dustria
261 1864 388 1948 tuisque
412 1864 526 1948 vigiliis
550 1865 653 1932 multa
683 1865 845 1951 perutilia,
879 1885 950 1948 quac
974 1885 995 1929 a
1018 1869 1104 1929 tetro
1129 1862 1277 1929 tenebra·

94 1994 180 2038 rum
205 1992 336 2036 carcere
361 1970 605 2051 claudebantur,
637 1973 670 2036 in
700 1971 804 2037 lucem
837 1971 1036 2054 prodierunt,
1067 1990 1170 2054 eaque
1193 1991 1278 2037 nuno

101 2076 235 2163 ubique
267 2077 418 2142 ridentur
448 2084 482 2142 et
514 2078 712 2143 lectitantur.
764 2077 842 2157 Sed,
871 2097 935 2160 quo
966 2075 1154 2160 progredior
1183 2076 1277 2142 nimis

103 2182 231 2262 audax,
256 2190 330 2249 tuas
354 2180 429 2248 dum
461 2203 560 2248 conar
590 2181 704 2248 laudes
734 2203 897 2259 enarrare,
929 2182 1090 2261 deterens,
1120 2202 1201 2265 quas
1223 2204 1278 2249 ne·

99 2289 188 2356 dum
205 2287 325 2353 Fabius
348 2286 403 2352 ille
425 2285 674 2353 facundissimus
697 2311 731 2355 se
749 2296 897 2374 speraret
913 2287 1160 2371 explicaturum.
1186 2288 1277 2355 Vale.

105 2393 258 2460 Venetiis
281 2413 364 2457 nono
389 2393 461 2457 Kal.
486 2391 617 2458 Octobr.
645 2400 739 2460 1521.

200 2503 275 2560 Ans:
300 2520 341 2557 =
365 2503 472 2560 Psalmi
496 2503 540 2560 ed.
566 2503 710 2578 Bomberg
735 2505 836 2565 Vener.
866 2506 946 2564 1521
974 2504 1036 2568 bei:
1054 2524 1096 2562 =
1112 2503 1276 2578 christoph.
1302 2495 1306 2502 ’

98 2605 209 2667 Wolfii
232 2605 404 2666 bibliotheca
427 2608 551 2667 hebraea.
599 2609 750 2685 Hamborg
768 2613 862 2684 1733,
880 2612 934 2670 rol.
953 2610 1001 2681 lV,
1019 2627 1042 2669 s.
1062 2613 1124 2671 142
1142 2628 1186 2686 sq.

625 2809 745 2877 ocull.

180 2897 320 2965 stuttgart.
1024 2900 1057 2950 25
1078 2902 1141 2951 Dee.
1164 2901 1239 2950 1521.

102 2985 321 3062 Clarissimo
338 2987 601 3086 jurisconsulto
630 3001 666 3064 et
689 2989 803 3089 equiti
827 3000 973 3063 strenuo
993 2989 1037 3064 D.
1064 2987 1277 3088 Gregorio³

97 3109 340 3210 Lamparter,
368 3137 391 3184 a
416 3111 722 3212 Greyphcnstein,
744 3109 869 3187 Caroli
888 3109 1042 3187 Caesaris
1062 3113 1137 3212 ejus
1156 3112 1274 3187 nomi-

97 3233 163 3309 uis
187 3232 243 3330 V,
271 3223 481 3308 consiliario
509 3235 604 3309 inter
631 3237 770 3336 primos
797 3236 1031 3336 dignissimo,
1063 3236 1214 3311 domino
1239 3246 1276 3310 et

101 3357 502 3456 Meooenatiinsignitcr
510 3357 753 3455 observando,
764 3359 790 3433 J
792 3360 956 3435 ohannes
964 3358 1274 3462 ReruchlinPhor·

443 3481 559 3554 censis
579 3481 654 3554 LL.
677 3483 781 3556 Dect.
802 3510 830 3556 s,
852 3483 886 3557 d.
908 3511 944 3584 p.

195 3626 268 3691 Etsi
289 3649 373 3693 unus
396 3648 436 3693 ex
460 3628 607 3694 omnibus
638 3630 703 3694 tuis
733 3629 853 3695 issum
878 3631 932 3714 qui
962 3630 1035 3715 plus
1058 3630 1184 3696 caeteris
1207 3628 1276 3695 offi-

102 3732 289 3798 ciossimam
322 3733 355 3796 in
391 3732 558 3818 republica
589 3734 731 3817 gerenda
772 3737 1068 3820 magnanimitatem
1103 3742 1191 3802 tuam
1223 3736 1276 3801 cui

100 3857 231 3904 summa
254 3836 473 3921 imperialium
497 3860 605 3904 rernm
630 3840 774 3905 creditur
790 3840 933 3906 admirer
956 3847 989 3906 et
1012 3840 1201 3920 collaudem,
1226 3845 1275 3907 ta·

686 3987 702 4024 ‘l‘

179 4079 189 4124 1
213 4073 282 4141 Hoc]
303 4073 417 4124 nttmlich
438 4075 620 4143 diapsalmae.
677 4081 691 4126 2
712 4075 752 4126 Ad
771 4091 800 4127 ao
822 4076 901 4127 Wolf.
962 4079 977 4126 3
998 4077 1100 4143 Gregor
1114 4075 1270 4142 Lamparter,

98 4162 163 4228 gab.
179 4163 205 4211 iu
214 4162 342 4212 Biborach
361 4165 435 4224 1463,
449 4165 475 4212 iu
486 4165 627 4230 Tilbiugeu
639 4164 763 4230 gebildct,
777 4163 833 4214 ruth
848 4164 893 4213 dar
906 4161 1172 4229 wirtembergisches
1181 4164 1273 4228 gralcn

98 4249 155 4300 und
169 4249 291 4315 lrcrzcge,
311 4256 398 4318 apator
411 4252 467 4302 rath
485 4253 672 4314 Maximilians,
691 4253 764 4303 stsrb
783 4253 809 4300 in
825 4251 963 4318 Ntirnbcrg
979 4253 1054 4302 1523.
1080 4253 1158 4303 Scine
1172 4251 1270 4318 rustag-

97 4338 157 4389 lseit
176 4337 220 4389 bei
239 4339 285 4389 der
305 4339 508 4406 nicderhaltung
527 4341 572 4391 des
592 4339 841 4391 baueruuufstauds:
869 4340 915 4390 der
940 4355 1011 4390 arms
1030 4341 1117 4391 Kuutu
1140 4344 1208 4392 lore
1232 4343 1267 4392 ist

97 4427 303 4500 bauptsltebliob
323 4428 446 4483 bekannt.
484 4429 567 4482 adem
587 4431 648 4480 vitas
666 4428 918 4483 durscousultorum
937 4429 1024 4484 Herc.
1038 4431 1118 4497 1620,
1137 4445 1159 4482 ι.
1182 4433 1214 4483 26
1232 4446 1272 4501 sq.
