2798 4980
675 303 718 368 96

114 497 207 557 recta
223 489 346 558 discere
363 493 505 577 conperit,
521 498 641 577 praeter
660 492 817 577 insignem
831 493 1024 577 magistrum
1043 494 1138 562 illum
1152 494 1273 562 Paulum

116 597 300 681 episcopum
334 600 530 683 Burgensem
545 600 565 660 ¹.
612 598 798 664 iudaeorum
831 599 907 664 olim
939 599 1169 667 doctissimum
1197 603 1272 687 cnjus

114 703 158 768 ed
188 727 245 769 nos
271 726 345 769 sera
375 705 541 770 conversio
571 703 718 787 plurimis
749 704 811 769 fuit
835 703 1018 771 hominihus
1044 706 1144 773 saluti
1169 711 1202 773 et
1229 706 1270 773 eui

114 830 165 874 me
180 809 376 893 posthabitis
392 809 525 893 reliquis
541 809 676 873 herbam
692 809 771 874 dare
786 809 866 874 nihil
881 811 992 894 pudet

204 915 471 998 Expergiscimini
489 915 595 997 igitur,
626 914 861 995 adulescentes,
884 921 917 980 et
933 921 979 995 tu,
998 936 1156 998 germana
1174 915 1266 997 frater,

115 1027 230 1085 excute
258 1020 297 1084 ab
320 1021 427 1084 animo
451 1019 692 1100 hebetudinem,
727 1027 892 1086 tantorum
919 1021 1064 1087 virorum
1093 1022 1263 1087 imitatione.

114 1127 198 1191 Nam
222 1127 250 1191 si
266 1132 333 1190 tam
350 1125 545 1190 excellentes
567 1126 712 1192 homines
735 1147 859 1191 annosa
882 1125 915 1189 in
936 1131 1037 1193 aetate
1064 1127 1262 1210 intelligentes

115 1253 248 1297 summae
280 1252 319 1295 ac
348 1230 587 1314 jocundissima
628 1231 913 1314 contemplationis
951 1230 1186 1297 nobilissimam
1215 1230 1261 1297 sibi

115 1339 316 1405 occasionem
348 1335 505 1416 defuisse,
534 1342 662 1401 tantum
690 1343 723 1402 et
746 1344 814 1401 tam
837 1335 1010 1403 vehemens
1035 1337 1179 1403 studium
1205 1356 1260 1402 sero

116 1443 248 1508 tandem
272 1441 434 1506 hebraicis
457 1443 698 1525 impenderunt,
723 1448 883 1526 quatenus
905 1441 1000 1507 labor
1024 1463 1140 1510 eorum
1160 1442 1192 1508 in
1217 1461 1260 1507 nos

115 1569 218 1632 usque
234 1546 443 1626 redundaret,
458 1583 503 1593 -
518 1569 576 1612 cur
591 1569 654 1612 non
678 1555 713 1612 tu
738 1549 807 1631 ipse
830 1569 868 1613 ac
890 1570 950 1632 per
973 1554 1007 1613 te
1032 1548 1137 1614 ceteri
1158 1544 1259 1631 magni

114 1653 250 1738 ingeniis
280 1652 409 1736 praediti
438 1651 663 1718 adulescentes
696 1653 836 1737 speratis
859 1653 901 1718 ad
924 1653 1025 1719 talem
1048 1653 1259 1737 perfectionem

116 1784 156 1828 ex
182 1758 345 1824 indefessa
375 1757 502 1840 legendi
530 1757 720 1841 fatigatione
750 1765 784 1824 et
813 1757 1001 1843 quotidiano
1034 1759 1187 1824 exercitio
1208 1757 1259 1833 sins

114 1867 181 1935 ullo
210 1867 342 1930 doctore
365 1863 571 1928 nihilominus
594 1886 689 1947 pesse
713 1865 881 1948 pervenire
900 1865 920 1928 ¹.
951 1865 1001 1930 De
1023 1862 1259 1949 praeceptoribus

114 1979 225 2038 autem
254 1971 333 2034 meis
358 1967 412 2053 (ne
436 1968 514 2032 mihi
537 1969 739 2034 oblatrantes
762 1968 915 2056 insuleut)
938 1969 1022 2035 hanc
1046 1970 1203 2035 rationem
1226 1963 1260 2032 af

115 2079 201 2144 fere:
225 2097 289 2139 nen
310 2096 360 2138 me
376 2075 519 2157 piguisse
542 2075 608 2140 ullo
625 2083 771 2159 tempore
786 2074 846 2140 abs
862 2075 1008 2158 quohbet
1023 2075 1141 2141 Judaso
1156 2090 1262 2156 semper

115 2182 319 2266 aliquantula
352 2181 641 2265 corradere,.quae
672 2181 717 2246 ad
746 2179 926 2246 doctrinam
956 2181 1104 2265 aliquam
1126 2180 1262 2245 librorum

114 2288 340 2354 hebraicorum
373 2287 599 2351 conducerent.
646 2287 736 2352 Sicut
759 2287 843 2352 enim
867 2308 931 2351 non
949 2285 1038 2369 apud
1054 2285 1157 2351 Jonas
1178 2300 1263 2368 neque

115 2394 183 2460 ulla
206 2393 237 2456 in
263 2391 394 2470 Graecia,
419 2392 476 2456 sed
500 2393 635 2458 Basileae
657 2394 796 2476 primum
811 2392 853 2457 ab
874 2391 1058 2456 Andronico
1074 2389 1263 2464 Contoblaes,

116 2498 232 2564 deinde
248 2498 381 2562 Parisiis
404 2519 425 2562 a
447 2497 586 2581 Georgio
607 2499 823 2582 Hermenymo
847 2496 1013 2580 Spartiate
1031 2497 1054 2577 ²,
1076 2501 1155 2581 post
1174 2496 1263 2560 Roma

115 2604 158 2670 ah
181 2603 381 2687 Argyropylo
406 2603 560 2686 Byzantio
588 2603 717 2687 pubhce
746 2603 779 2667 in
810 2603 968 2669 Vaticano
992 2601 1212 2687 Thucydidem
1232 2598 1263 2663 ls-

113 2715 209 2795 gente
232 2709 335 2792 Xysto
357 2707 411 2773 IV.
434 2710 537 2789 Pent,
564 2709 608 2774 ad
637 2715 816 2774 extremum
840 2709 1012 2775 Florentiae
1036 2705 1261 2788 Mediolaniqus

114 2838 135 2884 a
166 2816 331 2883 Demetrio
364 2814 580 2898 Ghalcondyle
616 2814 802 2880 Graecorum
837 2813 980 2897 linguam
1011 2811 1213 2880 frustillatim
1240 2811 1264 2873 et

115 2924 208 3010 quasi
240 2923 340 2987 micas
377 2921 417 2986 de
448 2941 560 2985 mensa
590 2919 711 2985 domini
748 2921 903 2985 cadentes
940 2919 1069 3003 accepi,
1111 2934 1264 2985 connume-

114 3051 222 3096 rerem
237 3029 303 3094 illis
320 3027 530 3094 Hermolaum
546 3025 728 3092 Barbarum
743 3027 930 3093 Innocentio
943 3024 965 3106 ³,
988 3025 1148 3109 insignem
1170 3016 1264 3090 etmel

692 3172 709 3209 sk

185 3269 197 3316 1
218 3264 346 3314 Rcuchlin
366 3279 385 3315 s.
409 3268 457 3315 120
476 3264 512 3330 fg.
585 3268 599 3312 2
621 3261 681 3329 Vgl
705 3263 773 3314 oben
792 3263 934 3331 scalig.
1008 3265 1023 3314 3
1048 3261 1100 3312 Die
1125 3255 1263 3329 geschichte

115 3352 161 3404 der
181 3352 341 3419 begegnung
358 3352 402 3402 Rs
419 3353 467 3401 mit
479 3351 665 3418 Argyropylus
681 3353 782 3403 erslthlt
797 3352 988 3405 Melanchthon
1006 3350 1091 3402 sehon
1111 3351 1178 3401 1533
1190 3347 1264 3414 (con-

114 3439 171 3493 Ref.
191 3441 236 3504 XI,
255 3440 305 3490 col.
326 3441 398 3505 237),
423 3439 493 3490 dann
514 3442 579 3490 1552
605 3441 633 3489 in
657 3439 703 3491 der
727 3440 789 3492 rede
808 3440 873 3492 iiber
889 3439 1036 3503 Reuchlin,
1057 3439 1097 3489 sis
1120 3437 1201 3489 findet
1220 3430 1264 3486 sich

114 3529 157 3582 bei
170 3529 285 3579 Manlius
300 3530 426 3578 Locorum
449 3527 631 3578 Communium
651 3527 813 3579 collectanea
830 3529 884 3579 und
903 3530 938 3578 ist
957 3544 1010 3578 von
1028 3527 1099 3578 allen
1117 3521 1264 3592 biographer

114 3614 258 3672 Renchlins
283 3615 443 3667 wiederholt.
481 3617 525 3667 Sie
549 3616 614 3666 wird
637 3617 806 3683 gepdhnlich
831 3616 973 3668 fltlsehlich
997 3615 1039 3666 ins
1058 3614 1122 3679 jahr
1148 3614 1211 3665 1498
1230 3624 1264 3677 8⁰·

115 3714 196 3769 estat,
221 3705 282 3756 dass
305 3705 344 3754 sie
366 3705 407 3754 ins
426 3705 487 3768 jahr
508 3708 573 3756 1482
593 3705 698 3770 gehbrt,
724 3705 788 3771 geht
806 3721 853 3755 aus
872 3720 979 3756 anseres
998 3703 1077 3755 stelle
1094 3703 1201 3767 hervet,
1220 3693 1264 3764 rgl

113 3795 199 3849 meina
218 3792 279 3846 Mel.
300 3793 383 3844 oratio
403 3809 424 3844 s.
444 3796 475 3843 61
497 3793 515 3845 f.
552 3795 591 3844 Zu
610 3792 668 3843 dem
688 3793 746 3845 dcrt
763 3794 918 3861 gegebenen
936 3793 972 3842 ist
989 3791 1196 3859 hinzunuftfgsn,
1215 3786 1263 3838 uss

114 3887 160 3939 der
180 3882 382 3953 gewehnlichen
401 3880 531 3932 annahrne
549 3881 616 3932 nach
636 3884 700 3947 Arg.
720 3882 802 3933 sehon
825 3885 891 3932 1486
911 3881 1051 3948 gestorben
1072 3881 1131 3932 sein
1148 3878 1207 3931 soll.
1236 3872 1264 3924 lit

114 3991 168 4026 war
187 3977 213 4025 in
234 3969 451 4036 Constantinopel
471 3969 599 4035 geboren,
619 3970 681 4020 kam
701 3970 761 4020 friih
779 3970 819 4020 sls
839 3970 925 4020 lehrer
943 3969 990 4019 des
1009 3968 1193 4036 griechischen
1207 3959 1263 4015 nach

114 4062 217 4123 italien,
236 4060 320 4111 lehrte
339 4076 389 4109 von
407 4061 474 4108 1434
493 4059 520 4107 in
534 4056 633 4126 Padus,
655 4075 705 4109 von
727 4061 793 4109 1456
812 4059 840 4107 in
855 4057 972 4122 Flerenz,
991 4057 1145 4115 wohinihn
1168 4054 1263 4106 menn

115 4165 166 4200 von
185 4148 283 4198 Medici
305 4147 345 4197 als
368 4147 499 4213 professor
518 4146 564 4196 der
586 4147 807 4213 peripatetischen
830 4145 998 4212 philosophie
1018 4145 1115 4209 berief,
1140 4158 1190 4194 von
1209 4137 1260 4190 llll

114 4237 150 4287 'sin
167 4237 194 4286 iu
214 4238 288 4286 Rom.
324 4235 360 4284 Er
377 4234 423 4285 hait
442 4234 499 4285 sich
518 4233 679 4284 namentlich
706 4235 788 4284 durch
807 4234 959 4299 arisgaben,
984 4233 1103 4284 scholien
1126 4230 1179 4282 und
1201 4227 1262 4279 tiber·

115 4330 259 4390 setsungen
285 4320 330 4370 der
353 4321 563 4373 aristotelischen
581 4323 708 4373 schriften
727 4322 846 4374 verdient
868 4322 999 4388 gemacht.
1038 4321 1098 4390 Vgl.
1120 4318 1217 4379 Hediae
1237 4310 1262 4363 df

115 4411 224 4465 Graecis
242 4408 390 4462 illustribus
408 4425 430 4462 s.
450 4411 498 4460 181
518 4409 560 4460 bis
579 4415 639 4466 210.
