2580 4178
66 116 124 184 ego
148 93 305 178 scandali,
329 95 358 164 si
381 97 468 183 quod
491 105 588 180 esset,
611 100 785 181 antonini,
809 101 868 167 sed
889 100 1083 186 proditores.
1115 103 1246 188 Accepi

65 204 179 270 enim¹
204 203 349 270 clausum
372 204 562 269 mandatnm
579 211 613 272 et
627 205 757 270 reddidi
778 205 922 272 clausum
946 208 1123 288 consilium,
1147 209 1234 293 quod

64 308 186 394 injusto
209 309 399 392 proditores
432 308 681 392 publicaverunt
698 311 724 390 ²,
758 312 924 395 impressis
955 314 1053 379 etiam
1083 315 1233 396 primitus

64 414 194 481 libellis.
240 414 312 492 Qua
335 416 368 479 in
392 415 521 481 causa³
544 415 678 481 obsecro
702 423 734 480 te
757 421 794 481 ut
816 416 905 499 legas
936 417 1040 484 simile
1064 420 1094 484 S.
1120 421 1234 485 Hiero-

64 540 160 604 nymo
190 519 362 603 contigisse
390 540 411 584 a
440 519 677 604 proditoribus,
708 519 741 585 in
773 520 856 587 libro
887 522 927 587 de
957 525 1078 606 optimo
1114 545 1231 608 genere

63 624 311 708 interpretandi,
333 624 432 708 paulo
455 631 531 708 post
552 625 763 708 principium,
786 625 842 691 ubi
864 628 989 709 pariter
1010 629 1025 668 ⁴
1056 629 1142 695 inter
1166 630 1232 696 alia

64 730 111 797 sic
143 729 272 796 scribit:
318 730 421 811 „Quid
455 729 543 814 apud
575 731 720 797 homines
749 738 855 797 tutum
886 734 986 800 erit?“
1036 734 1105 800 Et⁵
1127 735 1230 802 infra:

67 835 248 916 „Quamdiu
270 857 335 902 non
356 835 486 919 protero
510 836 660 920 cogitata,
690 835 864 903 maledicta
890 859 954 904 non
982 840 1116 906 crimina
1144 847 1231 921 sunt,

62 941 162 1009 immo
185 963 226 1008 ne
243 942 426 1007 maledicta
455 941 599 1026 quidem,
636 963 708 1025 quae
733 962 830 1008 aures
857 943 1016 1026 publice6
1054 947 1229 1012 nesciant.“

63 1046 143 1113 Haec
183 1047 249 1113 ille.
301 1046 365 1112 Sed
393 1047 637 1113 renunciaturos
669 1047 874 1113 consiliorum
908 1050 1064 1133 principis
1097 1051 1128 1115 in
1157 1052 1232 1136 jure

63 1151 151 1218 civili
183 1152 276 1218 furca
306 1152 561 1237 suspenduntur,
590 1152 678 1236 quod
700 1154 825 1219 utinam
848 1153 930 1219 faxit
954 1155 1041 1221 Deus
1072 1162 1105 1221 et
1127 1156 1232 1222 faxint

62 1256 217 1324 homines.
302 1251 309 1265 “

153 1363 234 1430 Cum
261 1365 374 1449 itaque
404 1386 443 1430 ex
475 1365 706 1431 contumelioso
735 1363 845 1429 libello
868 1364 1002 1430 Joannis
1030 1363 1230 1433 Pfefferkorn

60 1469 356 1536 animadverterem
380 1471 419 1535 de
443 1470 637 1554 quibusdam
661 1470 791 1554 scriptis
819 1471 899 1536 meis
922 1471 1057 1553 pusillos
1086 1478 1120 1539 nt
1142 1471 1240 1537 infirae

60 1595 133 1643 mos
163 1575 248 1642 forte
276 1576 488 1641 scandalizari
508 1597 627 1658 posse,
665 1575 817 1660 quoniam
849 1596 912 1640 non
949 1575 1052 1641 solum
1089 1576 1229 1660 difficile,

60 1680 120 1746 sed
148 1701 231 1765 pene
261 1680 459 1765 impossibile
483 1682 538 1760 sit,
563 1682 610 1746 ita
632 1680 752 1746 librare
777 1687 810 1745 et
833 1681 1018 1747 examinare
1041 1682 1141 1749 verba
1165 1684 1228 1749 sin-

58 1786 136 1870 gula
159 1807 230 1871 quar
258 1788 330 1870 quis
353 1789 513 1872 proponit,
537 1786 686 1852 utnulla
710 1807 781 1852 esse
805 1787 838 1851 in
862 1808 959 1852 sensu
982 1789 1137 1853 sermonis
1161 1810 1228 1855 am·

59 1891 217 1975 biguitas‚
249 1897 282 1957 et
310 1913 447 1958 erronea
469 1893 545 1958 inde
569 1893 676 1975 opinio
699 1891 788 1957 nulla
819 1891 891 1956 elici
913 1893 1033 1974 possit;
1066 1899 1135 1958 tum
1166 1892 1230 1978 legi

59 1996 225 2080 relegique
260 1998 382 2080 scripta
409 2018 500 2077 mea,
533 2005 566 2064 et
594 2020 614 2062 a
642 1999 768 2063 nemine
798 2003 929 2063 coactus
958 1997 1016 2062 sed
1047 1998 1228 2066 voluntarie

58 2109 159 2186 atque
181 2101 321 2168 libenter
341 2102 444 2168 nodos
460 2103 604 2183 enodavi,
629 2102 855 2187 declararique
881 2103 1093 2170 intentionem
1120 2125 1227 2172 meam

59 2208 112 2272 cui
136 2207 236 2273 verba
259 2207 423 2275 deservire
447 2208 576 2288 debent,
599 2209 695 2274 modo
720 2207 851 2273 meliore
877 2231 941 2292 quc
965 2211 1056 2292 potui
1080 2211 1157 2276 licet
1172 2211 1230 2276 ad-

58 2312 193 2377 modum
215 2312 315 2393 brevi‚
338 2313 436 2398 idque
459 2315 491 2379 in
515 2313 616 2378 latino
642 2313 768 2397 eloquio
792 2320 927 2396 propter
950 2317 1131 2397 angustiam
1148 2322 1228 2381 tem-

56 2418 157 2499 poris.
209 2419 283 2484 Jam
313 2419 397 2483 enim
426 2419 594 2484 instabant
630 2418 779 2483 nundinae
809 2417 1115 2485 Francosordienses
1134 2421 1161 2499 ⁷,
1194 2422 1229 2486 in

58 2521 178 2607 quibus
206 2545 257 2588 me
288 2530 402 2589 contra
431 2525 557 2607 priores
589 2525 749 2589 nundinas
775 2530 988 2606 expurgatum
1013 2526 1166 2606 oportuit,
1190 2532 1228 2591 ut

57 2628 179 2693 clarius
201 2629 232 2693 in
256 2628 358 2694 libelli
382 2630 445 2694 mei
468 2630 545 2695 folio
570 2631 682 2714 quinto
711 2630 895 2694 continetur
911 2629 933 2694 ⁸.
979 2631 1117 2695 Paratus
1140 2632 1226 2696 enim

57 2754 148 2799 eram
172 2740 205 2799 et
227 2735 259 2799 in
282 2736 455 2800 vernacula
471 2757 599 2820 quoque
615 2736 724 2819 lingua
740 2755 779 2799 ea
795 2733 900 2815 edere,
926 2735 953 2801 si
969 2757 1033 2801 non
1049 2736 1225 2818 impressor

636 2972 653 3012 a

132 3065 144 3111 1
165 3059 196 3112 N.
219 3065 230 3110 1
252 3076 364 3126 namque
378 3065 401 3112 3.
421 3047 494 3113 liber
513 3061 555 3111 die
569 3063 653 3113 Socho
673 3062 726 3128 vgl.
741 3063 868 3114 Reuchlin
886 3081 907 3115 s.
922 3069 970 3114 241
992 3063 1029 3130 fg.
1103 3067 1116 3113 2
1138 3061 1226 3114 Publi·

55 3156 151 3200 carunt
169 3153 195 3200 3.
263 3153 277 3200 3
298 3151 355 3211 Qua
374 3153 400 3199 in
421 3151 691 3202 causabishornines
711 3168 731 3200 z.
759 3155 788 3202 16
804 3152 974 3218 ausgelassen
995 3157 1019 3202 2.
1093 3151 1229 3203 tPariter

55 3238 228 3304 ausgelassen
249 3243 272 3290 3.
347 3239 447 3306 50pp.
474 3241 513 3290 ed.
537 3241 664 3290 Erasmus
683 3241 721 3290 ΙΙΙ
748 3240 792 3291 fol.
816 3243 863 3291 166
884 3241 914 3292 D.
989 3243 1003 3289 d
1025 3239 1141 3291 Publica
1161 3242 1184 3290 3.
1204 3255 1226 3292 a.

54 3326 124 3376 auch
144 3326 187 3377 bei
207 3329 334 3378 Erasmus
354 3345 378 3378 a.
399 3345 420 3378 a.
496 3333 508 3377 7
530 3328 763 3378 Francofurtenses
783 3333 806 3378 3.
826 3336 964 3395 purgatum
984 3329 1007 3376 3.
1082 3329 1097 3376 8
1119 3325 1225 3393 Libelli]

55 3413 137 3464 nttml.
158 3415 204 3465 der
217 3417 412 3482 augenspiegel.
452 3419 517 3467 Dort
531 3417 595 3466 wird
614 3415 647 3480 (Α
669 3419 711 3481 ta)
730 3416 837 3479 erz‘ahlt
851 3418 899 3466 wie
912 3414 1040 3465 Reuchlin
1055 3430 1114 3463 vom
1129 3415 1226 3480 kaiser,

53 3501 113 3552 dem
133 3520 160 3553 er
180 3507 206 3554 in
220 3505 378 3571 Rentlingen
392 3506 569 3555 Pfefferhorns
583 3506 756 3571 handspiegel
770 3505 894 3571 iibergab,
907 3504 959 3553 und
973 3519 1016 3552 um
1030 3503 1119 3552 scinen
1134 3501 1226 3552 schutn

54 3590 108 3654 bat,
125 3593 174 3641 auf
190 3593 247 3642 eine
266 3593 457 3659 entsclreidung
477 3595 522 3643 des
542 3595 660 3644 bischots
680 3611 730 3644 von
743 3594 884 3659 Augsburg
903 3596 1043 3642 vertrbstet
1056 3589 1152 3640 wurde.
1183 3591 1227 3640 Da

54 3678 142 3731 dieser
161 3682 225 3731 aber
243 3682 317 3731 nieht
340 3682 437 3731 einmal
461 3685 537 3732 einen
562 3684 654 3732 termin
679 3688 796 3732 ansetnte
825 3681 924 3743 „damit
947 3681 989 3729 ich
1015 3679 1066 3730 dan
1090 3680 1117 3728 in
1136 3675 1226 3732 dieller

54 3768 215 3820 srauhfurter
233 3766 398 3820 herbstmesll
423 3787 473 3821 von
501 3771 635 3821 srembden
655 3770 754 3819 leiitten
774 3769 815 3817 die
835 3769 905 3818 mich
926 3771 965 3818 nit
983 3767 1086 3817 hennon
1105 3768 1145 3817 nit
1164 3764 1224 3819 allio

53 3857 96 3907 fiir
115 3859 192 3908 einen
213 3858 413 3924 leichtuertigen
433 3874 510 3908 manu
532 3860 656 3924 gehalten
676 3857 776 3920 werde,
797 3858 846 3906 wie
866 3856 935 3906 mich
959 3856 1005 3906 der
1023 3858 1099 3906 taufft
1117 3856 1163 3907 iud
1181 3857 1224 3907 inc

52 3945 131 3997 nehst
154 3947 308 3998 vorschiner
329 3944 402 3998 mesti
429 3947 553 4000 offenlich
580 3946 774 4012 verunglimpfft
797 3944 852 3994 hat.
890 3945 924 3995 So
945 3945 1001 3995 will
1023 3945 1067 3997 ich
1086 3945 1156 3997 mich
1177 3946 1225 3997 mit

51 4044 210 4105 ganntnerer
229 4036 339 4089 warhait
357 4052 443 4104 gegen
462 4036 649 4102 menghlichen
667 4035 896 4087 verantwurtenn“
915 4038 965 4085 etc.
