2798 4980
659 380 702 444 45

91 574 129 633 ut
149 568 221 652 jam
244 566 322 633 mihi
343 567 474 634 futurus
504 568 548 634 sis
571 567 656 634 alter
680 589 752 652 ego,
785 567 962 635 inviderem
990 570 1103 655 utique
1132 571 1191 637 tibi
1214 577 1264 636 tot

91 691 179 738 nova
202 692 275 756 quae
296 672 390 737 nobis
413 672 558 756 quotidie
582 673 666 738 istac
690 671 880 751 afferuntur,
911 674 1007 740 modo
1030 675 1144 740 auditu
1168 676 1263 740 modo

93 779 178 852 visu¹
191 777 296 861 digna.
342 778 485 843 Primum
513 777 627 843 lillud
661 778 769 843 nescio
794 777 935 861 quidde
965 785 1074 862 strage
1097 780 1264 845 Gallorum

92 891 128 949 et
152 884 224 968 ejus
246 882 331 966 regis
347 881 472 948 difficili
496 882 601 948 salute
626 883 717 948 casis
732 882 924 948 Insubribus
945 883 1094 964 obtenta3
1118 891 1187 949 tum
1207 885 1264 950 ali·

92 1008 192 1072 quem
216 987 339 1053 militiae
362 988 499 1054 Venetae
531 988 697 1054 ductorem
727 1009 791 1053 non
814 989 883 1053 sine
907 1010 1038 1054 suorum
1062 990 1196 1055 interitu
1217 990 1265 1054 in·

92 1092 277 1173 terfectum,
306 1093 421 1160 deinde
450 1092 724 1178 Parthenopeium
749 1099 952 1177 regnatorem
975 1093 1112 1178 Neapoli
1127 1095 1266 1161 ‚restitn-

91 1205 174 1264 tum.
221 1198 291 1275 Quo
313 1197 392 1264 mihi
416 1198 547 1284 quidem
570 1198 674 1264 videri
698 1197 818 1264 debeat
840 1198 921 1265 illud
947 1220 1104 1285 perquam
1132 1204 1264 1266 venuste

93 1303 262 1384 cecidisse,
286 1303 373 1388 quod
389 1304 448 1370 abs
471 1309 504 1370 te
520 1325 649 1389 quoque
672 1302 887 1369 animadverti
909 1305 1016 1388 potuit
1032 1310 1070 1370 ut
1085 1304 1127 1370 ab
1142 1304 1264 1371 insultu

92 1409 157 1475 hoc
173 1430 270 1493 quem
286 1408 527 1490 destinavimus,
551 1409 691 1494 Imperio
707 1415 818 1475 nostro
834 1409 1064 1492 quiescendum
1085 1411 1137 1475 sit.
1175 1411 1264 1476 Heus

92 1521 130 1580 tu
160 1535 236 1581 num
270 1513 305 1579 id
331 1510 379 1580 ita
405 1517 524 1599 putas?
561 1515 611 1579 An
639 1515 723 1581 forte
753 1535 880 1598 semper
907 1514 1161 1598 belligerandum
1193 1516 1266 1581 est?

92 1619 144 1685 Tu
166 1606 551 1703 tamenprudentissime
575 1619 687 1699 facies,
719 1620 745 1684 si
777 1618 820 1684 ad
844 1639 957 1704 pacem
981 1641 1052 1703 quae
1083 1619 1266 1686 conducant

91 1723 310 1808 persuadeas,
342 1724 400 1790 sed
429 1730 533 1790 terret
561 1730 690 1791 exteros
713 1723 1002 1808 forsitan-inquies
1025 1724 1180 1790 horribile
1204 1723 1265 1790 hoc

92 1851 231 1896 examen
256 1829 500 1920 Germanorum.
545 1831 705 1914 Equidem
725 1850 792 1895 non
817 1851 886 1894 sum
909 1828 1037 1895 nescius
1062 1830 1138 1913 quin
1166 1829 1266 1894 conti·
1335 1909 1337 1912 Α

91 1935 166 2001 neri
190 1935 306 2001 restris
329 1933 447 2002 finibus
471 1935 688 2019 aegreferatis,
713 1934 853 1998 maxime
878 1956 951 1999 cum
977 1955 1040 1999 nou
1073 1957 1111 1999 ex
1136 1934 1267 2000 fortuna

92 2040 154 2107 sed
177 2063 218 2106 ex
241 2041 361 2106 virtute
384 2040 591 2124 pendeamus.
637 2039 714 2106 Sola
737 2038 925 2105 recordatio
942 2039 1095 2105 Germani
1119 2039 1265 2118 nominis,

90 2167 161 2212 una
175 2146 233 2211 illa
249 2146 333 2230 regis
349 2146 452 2211 nostri
468 2144 700 2210 confoederatio
718 2145 738 2222 ²,
762 2144 813 2209 vel
837 2144 988 2210 minimus
1011 2147 1073 2210 istc
1089 2167 1200 2210 rumor
1215 2164 1266 2210 ar-

91 2272 222 2319 morum
250 2250 482 2336 Teutonicique
511 2255 702 2335 apparatus,
735 2250 837 2314 tantis
865 2249 985 2315 ictibus
1009 2251 1127 2334 Regem
1151 2250 1266 2315 Galliae

93 2356 247 2442 pulsavit,
270 2362 308 2422 ut
331 2357 413 2439 fugae
436 2356 591 2421 auxilium
615 2357 642 2420 is
665 2355 797 2421 tandem
820 2354 1018 2420 commodius
1042 2354 1103 2419 sibi
1127 2354 1266 2420 duxerit.

94 2461 188 2540 Quid
205 2461 324 2546 igitur?
349 2463 361 2500 ³
384 2461 612 2528 Cessabimus?
635 2483 677 2526 an
700 2482 763 2527 non
788 2457 957 2525 trudamur
973 2458 1130 2525 facultate
1154 2465 1267 2526 nostra

96 2566 158 2631 illa
171 2566 295 2650 inclyta
314 2567 426 2651 stipati
449 2567 560 2632 multis
584 2566 771 2632 fortissimis
795 2570 892 2649 atque
917 2565 1047 2650 optimis
1071 2565 1169 2630 viris?
1203 2563 1268 2632 Sed

94 2672 221 2739 caussis
255 2670 298 2736 ad
329 2671 494 2756 scopulum
528 2672 704 2756 impaogas.
759 2671 842 2736 Audi
876 2669 1109 2755 quambenigne
1141 2690 1266 2735 meeum
1352 2745 1355 2750 .

95 2777 150 2841 his
174 2776 289 2842 dicbus
312 2784 419 2842 actum
444 2778 501 2856 sit;
531 2798 614 2855 nam,
644 2799 716 2841 cum
739 2777 814 2842 istic
838 2784 870 2842 te
895 2797 967 2840 cum
992 2797 1009 2840 e
1033 2774 1200 2840 sodalibus
1224 2780 1266 2852 et,

97 2881 189 2966 quod
211 2883 312 2961 aiunt,
336 2881 448 2946 amicis
470 2883 551 2948 meis
575 2883 723 2947 inventus
747 2887 832 2947 esset
848 2882 863 2919 4
878 2887 944 2945 tam
967 2879 1120 2963 praesenti
1143 2899 1182 2942 ac
1198 2884 1267 2942 tam

97 2987 155 3073 pio
178 2986 389 3053 humanitatis
413 2986 517 3055 officio
544 2988 703 3071 praeditus
727 2987 868 3052 omnium
897 3005 991 3050 nemo
1015 2984 1071 3067 qui
1098 3003 1202 3066 neque
1227 2981 1267 3045 de

97 3091 200 3158 rebus
222 3092 286 3158 illis
309 3080 404 3158 novis¹
422 3093 455 3158 in
478 3092 575 3158 Italia
597 3092 724 3177 pridem
748 3092 848 3176 gestis
872 3111 977 3174 neque
1000 3089 1040 3154 de
1064 3087 1267 3154 comitiorum

97 3204 282 3264 vestrorum
305 3198 499 3282 spectaculis
523 3197 705 3264 illustribus
729 3219 779 3262 me
796 3202 882 3262 tecto
900 3203 933 3261 et
949 3195 1065 3261 umbra
1081 3193 1167 3260 domi
1184 3214 1268 3259 com·

97 3310 282 3371 morantem
312 3303 325 3341 5
356 3303 466 3389 aliqua
497 3326 536 3369 ex
568 3312 662 3388 parte
696 3303 819 3368 faceret
854 3301 1040 3380 certiorem,
1073 3299 1156 3365 hanc
1190 3297 1268 3364 mihi

97 3409 281 3475 molestiam
304 3392 509 3493 percogitans
533 3410 663 3488 accessi,
688 3415 724 3473 ut
747 3429 832 3493 saepe
857 3407 944 3473 soleo
968 3395 1149 3490 Apollinem
1166 3425 1268 3469 meum

98 3514 189 3581 illum
211 3516 387 3599 poeticum,
418 3536 514 3598 quem
537 3513 594 3580 ubi
617 3514 743 3580 cithara
773 3512 911 3578 demulsi
941 3533 1000 3595 pro
1031 3531 1120 3576 more
1144 3528 1268 3594 proque

99 3621 261 3704 dignitate
291 3621 444 3705 perquiro
475 3626 542 3685 tam
574 3620 690 3685 seriem
721 3625 884 3701 gestorum
915 3616 1017 3681 ltaliae
1044 3636 1141 3699 quam
1172 3613 1268 3679 finem

100 3726 334 3810 gerundorum,
366 3725 480 3808 utqui
503 3724 643 3790 humano
669 3744 797 3789 caream
821 3722 938 3788 solatio
962 3742 1025 3786 non
1049 3720 1148 3785 etiam
1171 3718 1270 3783 desti·

100 3839 179 3896 tuar
202 3830 319 3896 divino.
364 3830 441 3894 llaec
465 3850 523 3913 ego
546 3837 654 3895 tecum
676 3850 736 3913 pro
759 3828 912 3893 amiciciae
935 3846 1039 3910 nuper
1061 3824 1148 3888 initae
1165 3821 1177 3860 ‘³
1192 3820 1270 3904 legi-
1346 3816 1348 3820 ⁴

101 3936 165 4002 bus
189 3941 221 4002 et
245 3935 428 4001 arctissima
451 3934 673 4001 familiaritate
695 3935 819 4018 loquor.
865 3931 970 3997 Offert
1001 3928 1055 3994 ille
1086 3925 1158 3992 istis
1186 3925 1268 3993 meis

680 4069 696 4102 a

178 4137 187 4181 1
206 4130 260 4182 rnr
278 4129 352 4182 diese
370 4130 528 4198 politischeu
548 4129 722 4180 vcrhtlrnisse
741 4128 865 4178 verweise
885 4125 928 4176 ich
948 4123 994 4174 der
1012 4122 1092 4173 kiirae
1113 4119 1205 4172 halber
1225 4121 1273 4170 aul

103 4220 230 4272 Haltaum
258 4219 413 4286 geschichte
431 4218 597 4270 Maximilian
617 4218 637 4280 l,
658 4217 769 4282 Leipzig
790 4217 866 4277 1850,
886 4229 905 4263 s.
929 4213 978 4261 115
997 4210 1023 4261 ff.
1091 4214 1105 4260 2
1126 4209 1180 4260 Der
1198 4208 1271 4260 hund

102 4307 268 4374 auvenedig
283 4309 360 4359 1⁴95.
381 4306 601 4359 Hortensiae.
657 4308 671 4356 3
692 4305 778 4371 agitur
793 4307 816 4353 2.
873 4307 887 4351 4
909 4303 1034 4350 eosentt.
1090 4298 1184 4364 ovgl.
1205 4295 1269 4346 iiber

103 4399 176 4449 dieas
201 4395 256 4447 und
279 4396 375 4448 audere
405 4395 498 4447 stellen
524 4394 570 4445 des
596 4391 793 4444 briefueohsels
820 4389 867 4439 mit
894 4387 967 4440 Wolf
992 4403 1043 4437 ron
1070 4385 1269 4449 Hermousgriln

102 4487 189 4538 meina
208 4484 271 4562 hiel.
292 4501 330 4537 or.
349 4500 369 4536 s.
391 4490 423 4534 4⁴
442 4483 484 4535 bis
503 4485 546 4534 46.
611 4483 626 4531 6
645 4481 735 4530 invita
755 4483 780 4531 2.
