2798 4980
668 314 735 382 219

109 509 145 571 et
168 502 407 589 promiserunt,
436 503 592 590 optimam
620 526 710 591 spem
734 507 942 591 persuadere,
974 508 1002 574 si
1024 529 1089 593 qua
1111 508 1145 573 in
1167 529 1203 575 re
1227 529 1284 577 un-

111 631 214 696 quam
242 610 321 677 mihi
352 611 606 678 adversarentur
635 612 714 678 mali
743 619 892 694 eventus,
916 618 953 680 ut
976 619 1026 680 est
1048 614 1081 678 in
1104 614 1202 681 rebus
1224 613 1283 680 hu·

112 717 224 783 manis
242 716 396 803 frequens
413 738 516 798 casus,
532 717 620 804 quod
635 718 678 783 ad
694 739 749 784 eos
765 741 823 802 ego
838 741 906 804 prae
922 720 1049 786 caeteris
1064 720 1205 787 omnium
1220 720 1285 804 pri·

112 843 203 888 mum
221 822 395 908 confugere
408 845 545 909 possem.
563 823 627 890 Sed
639 824 713 905 heu,
725 824 900 909 plurimum
913 846 952 890 ea
967 847 1018 891 me
1032 825 1148 891 fefellit
1166 826 1282 911 opinio.

207 928 291 994 Cum
321 930 405 994 enim
427 929 582 996 mandato
607 928 745 996 Caesaris
776 936 809 997 et
839 937 959 998 nostrae
982 932 1156 1016 provinciae
1179 932 1284 998 archi·

117 1034 264 1120 episcopi
285 1035 486 1121 Monguntini
509 1035 642 1102 fuissem
666 1041 807 1117 coactus,
831 1037 1012 1121 opinionem
1036 1059 1141 1104 meam
1165 1037 1285 1105 (1111-

116 1141 262 1207 deeorum
297 1141 390 1207 libris
431 1142 674 1208 concremandis
710 1142 744 1206 in
783 1143 915 1208 modum
955 1143 1284 1211 11111111111111111

117 1248 262 1314 clausam
291 1254 324 1312 et
354 1247 555 1331 obsignatam
583 1248 628 1313 ad
654 1269 769 1314 manus
798 1269 909 1314 eorum
941 1271 1081 1334 propere
1106 1256 1139 1315 et
1160 1250 1284 1335 absque

117 1375 208 1419 mora
231 1353 468 1434 transmittere,
499 1375 564 1418 non
592 1353 738 1419 dubitavi
766 1353 868 1420 ullum
892 1354 1070 1420 subsistere
1094 1357 1283 1440 periculum,

116 1465 152 1526 ut
174 1465 226 1525 est
248 1459 281 1523 in
297 1459 482 1540 Proverbio,
506 1481 577 1525 oum
594 1459 687 1524 bonis
703 1459 785 1525 bene
800 1459 891 1542 agier
907 1461 928 1522 ¹.
976 1461 1039 1527 Sed
1055 1460 1151 1528 homo
1167 1484 1279 1528 amens

118 1574 149 1632 et
171 1563 332 1651 perditus,
356 1563 559 1650 semijudaeus
583 1564 714 1650 quidam
739 1564 958 1646 (blemensis,
982 1567 1119 1632 latinam
1142 1567 1283 1654 linguam

116 1693 251 1758 prorsus
273 1670 442 1755 ignorans,
474 1677 507 1738 et
531 1671 699 1757 judaicam
721 1671 896 1754 incongrue
918 1672 1132 1757 imperiteque
1157 1679 1284 1755 tenens,

116 1779 181 1845 ut²
203 1783 297 1862 patet
321 1798 361 1842 ex
383 1797 442 1843 sua
464 1777 736 1862 interpretatione
760 1777 802 1843 ab
827 1775 969 1842 Adriano
992 1778 1165 1861 Hispano³
1190 1780 1280 1864 juste

119 1884 327 1969 reprehensa,
351 1904 449 1967 quam
472 1883 521 1949 bis
544 1883 648 1950 literis
671 1882 811 1966 alligari,
843 1882 984 1966 maligna
1007 1890 1120 1949 contra
1144 1905 1195 1950 me
1218 1905 1285 1950 ma·

116 1990 304 2058 chinatione
334 1990 502 2055 consilium
532 2011 650 2069 meum,
679 2011 741 2075 quo
769 1987 896 2073 ingenio
920 1987 1059 2073 adeptus
1083 1996 1172 2055 certe
1195 1990 1284 2055 Deus

116 2098 216 2178 norit,
251 2117 324 2162 cum
347 2095 381 2162 id
410 2095 553 2162 Arnoldo
589 2094 716 2161 cuidam
748 2094 787 2161 de
816 2094 991 2178 Tungeri4
1021 2099 1054 2160 et
1087 2094 1282 2181 quibusdam

118 2203 193 2270 aliis
224 2201 492 2287 praedicatoribus
523 2201 681 2286 theologis
705 2200 847 2268 Coloniae
876 2201 1087 2285 patefecisset
1122 2208 1155 2267 et
1185 2224 1284 2287 super

94 2307 260 2376 eodem⁵
295 2308 438 2393 adjutus·
450 2307 597 2375 libellum
627 2312 743 2374 contra
769 2328 820 2372 me
844 2307 1003 2373 famosum
1027 2307 1197 2388 edidisset,
1220 2330 1283 2374 non

114 2416 227 2482 statim
251 2413 300 2478 illi
322 2413 451 2480 easdem
469 2413 637 2479 chartulas
652 2413 794 2479 famosas
810 2419 1034 2498 corruperunt,
1056 2413 1108 2478 vel
1130 2413 1196 2497 igni
1211 2435 1286 2481 con·
1382 2449 1390 2468 ·

115 2526 333 2605 sumpserunt,
356 2526 394 2585 ut
417 2520 470 2585 lex
492 2520 650 2604 praecipit,
673 2517 731 2616 sed
755 2524 789 2584 et
810 2519 909 2584 iidem
933 2521 996 2602 ipsi
1019 2520 1160 2584 alterum
1185 2543 1270 2604 quen

114 2627 191 2692 dam
222 2625 367 2692 libellum
398 2626 558 2692 famosum
595 2625 649 2711 qui
688 2625 816 2709 incipit:
852 2626 990 2691 Articuli
1022 2625 1194 2691 adversum
1233 2648 1285 2692 me

114 2738 384 2817 composuerunt,
413 2738 446 2797 et
474 2733 668 2816 impressum
696 2730 907 2815 publicarunt
936 2753 1031 2816 quem
1057 2733 1126 2816 jam
1156 2752 1284 2816 quoque

114 2839 158 2905 ad
192 2860 248 2904 vos
279 2839 382 2904 mitto.
429 2838 573 2916 Quorum
588 2842 666 2902 tunc
688 2838 860 2921 inquisitor
884 2835 1006 2902 ordinis
1022 2836 1282 2920 praedicatorum,

116 2965 210 3024 nunc,
234 2950 272 3009 ut
293 2944 364 3028 ipsc
387 2944 443 3024 ait,
468 2944 603 3024 delator,
628 2943 769 3008 decanus
794 2948 874 3007 erat.

204 3051 381 3134 Postquam
413 3055 523 3114 autem
552 3054 622 3115 toto
656 3049 785 3114 biennio
808 3047 946 3132 publicis
970 3047 1170 3113 famosarum
1193 3046 1284 3112 sohe-

117 3156 268 3223 dularum
291 3155 494 3221 affixionibus
517 3176 568 3220 me
603 3155 760 3220 acerrime
791 3160 905 3220 contra
936 3155 989 3238 jus
1014 3159 1047 3218 et
1069 3152 1151 3238 phas
1175 3174 1284 3237 perse·

116 3263 210 3348 qunti
233 3268 322 3341 sunt,
355 3267 523 3345 coeperunt
546 3260 677 3327 tandem
701 3261 761 3326 sub
785 3260 892 3327 colore
912 3259 1054 3345 justiciae
1077 3281 1202 3325 mecum
1225 3281 1286 3343 per

116 3389 192 3446 suos
224 3367 385 3432 haereticae
419 3367 589 3450 pravitatis
611 3367 820 3451 inquisitores
842 3367 876 3431 in
903 3367 1028 3451 judicio
1054 3366 1164 3433 velle6
1188 3387 1284 3450 agere

117 3471 207 3557 quod
239 3478 348 3537 tamen
378 3466 589 3538 inst'tuerunt
612 3472 658 3537 ita
680 3471 804 3538 nefarie
828 3479 862 3538 et
886 3472 953 3538 sine
978 3473 1210 3538 denunciatore
1233 3473 1285 3540 vel

115 3583 307 3644 accusatore
325 3578 358 3657 ⁷,
391 3584 428 3643 ut
457 3577 636 3662 appellanti
667 3578 745 3643 mihi
768 3583 837 3643 tam
860 3578 901 3644 ab
924 3579 1115 3663 inquisitore
1140 3600 1237 3662 quam
1260 3600 1281 3643 a

115 3683 346 3750 commissariis
378 3683 560 3750 ordinarii?
583 3684 627 3749 ad
650 3682 766 3749 Sedem
789 3685 1011 3767 apostolicam,
1036 3705 1178 3749 summus
1201 3685 1283 3748 Pon·

114 3789 212 3871 tifex,
237 3789 379 3855 sentiens
403 3790 608 3873 iniquitatem
630 3789 830 3874 inquisitoris
862 3789 1222 3872 commissariorumque
1246 3808 1284 3853 ac

702 3925 720 3964 a:

191 4005 203 4050 1
224 4003 308 4067 Agere
328 4004 351 4051 3.
425 4005 439 4050 2
461 3999 538 4064 Quod
565 4002 609 4051 1111
632 4006 663 4051 ut
686 4006 710 4051 2.
730 4003 754 4051 3.
828 4000 978 4052 3Adriano
997 4001 1126 4068 Hispano]
1150 3999 1285 4051 Matthltus

114 4090 250 4142 Adrianus
270 4105 290 4140 s.
311 4089 377 4140 oben
402 4106 459 4141 nro.
479 4089 606 4140 CXXXV.
642 4091 695 4139 Zur
720 4088 863 4155 erklttrung
885 4088 930 4139 der
948 4088 1005 4138 hier
1023 4105 1076 4138 von
1095 4086 1224 4138 Reuchlin
1242 4105 1286 4154 ge·

112 4178 262 4231 brauchten
280 4183 361 4229 worte
379 4178 433 4244 vgl.
452 4178 536 4228 moine
554 4178 715 4244 hemerkung
736 4177 801 4228 iiber
820 4177 855 4226 M.
877 4177 909 4227 A.
930 4176 958 4226 in
977 4175 1027 4227 den
1044 4176 1224 4241 jahrbiichern
1243 4177 1286 4230 fiir

112 4266 241 4319 deutsche
265 4266 396 4332 theologie
424 4268 499 4316 1875.
576 4270 592 4314 4
616 4266 737 4332 Tungari
762 4269 786 4316 2.
823 4266 960 4330 Tungares
986 4268 1009 4314 3.
1092 4267 1108 4315 5
1134 4264 1232 4316 Eadem
1260 4269 1285 4317 3.

113 4359 129 4406 6
150 4354 226 4405 Velle
244 4354 344 4419 ausgel.
364 4359 388 4404 2.
408 4358 432 4404 3.
507 4359 520 4404 7
540 4355 592 4406 Et.
609 4391 615 4405 .
635 4359 787 4406 accusatore
806 4354 904 4419 ausgel.
924 4358 947 4402 2.
969 4356 983 4403 3
1058 4357 1072 4406 8
1092 4353 1238 4405 Ordinariis
1259 4354 1283 4420 5,

111 4442 250 4496 vielleioht
270 4441 415 4495 ordinatis?
