2798 4980
680 333 719 399 73

123 500 510 607 16111161111611611611161
537 528 571 587 et
594 522 751 603 riderem,
776 523 837 588 nisi
864 545 942 589 cura
965 525 1012 590 rei
1035 525 1204 592 familiaris
1227 522 1284 592 hu-

118 628 211 692 meris
227 628 309 693 meis
327 627 501 692 confractis
517 627 670 710 imposita
687 627 885 711 prohiberet.
923 628 989 694 Nec
1005 629 1164 695 hominem
1185 630 1284 698 alium

116 731 177 797 sub
200 731 268 797 sole
292 733 402 816 potius
426 733 567 797 viderem
589 740 725 817 propter
750 754 860 798 sacras
884 733 997 799 literas
1021 735 1180 818 hebraeas,
1204 759 1285 822 quas

114 859 183 922 prae
199 838 349 904 omnibus
366 837 474 918 calles,
499 840 530 902 in
554 838 673 922 quibus
691 845 724 903 et
740 859 796 921 ego
813 845 976 923 utcunque
992 837 1134 922 proficio.
1174 841 1235 906 Sed
1252 840 1285 905 id
1305 818 1323 842 η

112 965 184 1028 pras
201 943 351 1009 omnibus
367 943 496 1012 avidum
512 965 563 1008 me
587 944 703 1024 reddit,
727 944 896 1028 quiricum
920 952 956 1010 tu
980 965 1044 1009 una
1067 967 1138 1010 cum
1155 945 1286 1011 Sidonio

115 1055 151 1114 et
178 1049 341 1114 Baruclria
365 1049 404 1113 de
429 1048 535 1114 Verbo
553 1048 688 1114 Mirifice
712 1049 879 1114 tractabas
905 1051 926 1130 ¹,
950 1071 1007 1136 ego
1030 1051 1106 1116 licet
1128 1050 1286 1135 indignus,

111 1153 158 1218 ad
183 1155 344 1237 parietem
373 1153 464 1219 astiti
493 1160 526 1218 et
553 1153 679 1234 audiri,
713 1154 871 1238 quomodo
904 1154 959 1220 ille
987 1162 1080 1221 vetus
1109 1156 1286 1222 Baruchias

112 1259 240 1342 ajebat,
265 1260 351 1344 quod
372 1260 596 1342 pronunciatio
612 1260 749 1324 nominis
765 1258 936 1327 ineffabilis
951 1260 1288 1345 compraehenderetur

112 1364 224 1429 tribus
247 1365 461 1430 commatibus
486 1365 633 1430 subsuna
657 1364 789 1446 periodo
818 1387 856 1428 eo
883 1365 973 1444 loco,
1000 1389 1068 1450 ⁴quo
1092 1369 1219 1452 Moyses
1243 1366 1284 1434 (16
1353 1390 1368 1435 a

111 1471 335 1555 ineptitudine
360 1471 476 1553 linguae
499 1470 717 1553 conqueritur.
756 1469 821 1534 Sed
836 1470 931 1536 hodie
947 1472 1069 1536 dictum
1090 1473 1284 1539 Baruchiam

112 1597 184 1641 non
213 1576 357 1659 intelligo
390 1597 451 1640 nec
482 1576 712 1659 expositionem
742 1574 820 1639 dicti
851 1577 986 1640 nominis
1016 1579 1106 1653 (licet
1134 1579 1165 1641 in
1189 1598 1286 1642 manu

113 1703 194 1747 mea
217 1683 260 1746 sit
285 1681 410 1764 Sepher
426 1681 555 1762 thillim)
581 1681 592 1717 2
617 1682 725 1763 capio,
746 1681 825 1763 *quia
849 1689 942 1746 extra
964 1681 1116 1747 sacellum
1141 1681 1234 1748 extiti
1255 1681 1288 1745 in
1346 1710 1349 1715 >

113 1809 185 1872 quo
208 1787 284 1851 licet
307 1809 369 1851 non
386 1786 474 1852 idola
491 1793 617 1850 tantum
636 1784 769 1850 cancelli
788 1787 879 1869 justa
903 1807 1024 1851 morem
1048 1786 1151 1869 gentis
1168 1793 1287 1852 nostrae

113 1892 182 1958 alti
206 1898 291 1971 sunt,
316 1913 418 1975 quare
443 1892 653 1974 introspicere
678 1912 740 1956 non
756 1892 856 1974 potui,
881 1891 1040 1975 quomodo
1057 1892 1125 1975 ipse
1142 1890 1288 1956 hebraeus

116 2019 160 2062 ex
185 1996 263 2060 lxxii
286 1997 432 2063 versibus
456 1997 609 2079 quaelibet
633 2004 747 2062 sancta
771 1997 935 2080 signacula
959 1997 1058 2079 digito
1075 1995 1321 2060 monstrabat.)

115 2102 240 2166 Verum
271 2123 312 2165 ex
342 2123 417 2166 voce
448 2108 506 2166 tua
541 2101 649 2166 audivi
682 2109 714 2164 te
744 2101 864 2166 ibidem
893 2109 926 2166 et
957 2103 1080 2185 conjeci
1108 2109 1140 2166 tc
1163 2099 1288 2184 singula

113 2228 276 2291 perquam
307 2207 477 2290 diligenter
508 2206 697 2271 advertisse.
744 2207 838 2285 1166,
862 2215 899 2271 ut
921 2207 1031 2273 verbis
1055 2207 1118 2271 tuis
1148 2212 1232 2285 utar,
1258 2205 1286 2271 si

118 2333 189 2396 qua
211 2313 273 2377 scis
297 2314 414 2396 quaeris
445 2312 629 2377 auditorem
654 2318 690 2376 ut
714 2333 754 2375 ex
776 2320 809 2376 te
833 2312 946 2393 discat,
969 2313 1016 2377 ita
1039 2312 1211 2395 plurimum
1235 2310 1289 2377 (16

118 2417 257 2482 lectaria
281 2418 568 2483 communicatione
593 2425 627 2482 et
649 2416 846 2482 liberalitate
872 2419 1052 2484 studiorum
1077 2440 1135 2482 nec
1157 2438 1288 2483 necesse

118 2521 188 2586 6111
221 2544 314 2588 orare
349 2543 387 2587 ac
420 2523 473 2586 vix
503 2521 633 2587 tandem
670 2543 804 2587 exorare
835 2523 1032 2604 auditorem,
1092 2524 1147 2589 uia
1174 2522 1289 2588 aridus

117 2626 254 2692 audiam
278 2627 393 2692 saltem
417 2628 577 2693 calamum
593 2634 684 2693 tuum
701 2627 741 2692 de
756 2629 1023 2711 pronunciatione
1040 2635 1073 2693 et
1089 2628 1289 2712 expositione

116 2731 248 2797 mirifici
284 2733 419 2797 nominis
459 2755 498 2824 ex
535 2732 614 2796 locis
645 2753 745 2814 supra
784 2734 965 2798 nominatis.
1013 2733 1218 2815 Scripsissem
1243 2731 1290 2795 illi

115 2837 300 2918 Baruchiae,
325 2838 382 2903 sed
405 2845 442 2903 ut
459 2839 521 2902 scis
537 2837 730 2903 inhumanus
748 2844 798 2902 est
814 2844 847 2901 et
862 2859 921 2920 pro
938 2836 1168 2902 consuetudine
1185 2836 1288 2920 gentis

116 2964 190 3009 suae
220 2965 284 3007 non
314 2943 406 3008 valde
440 2943 563 3008 amicus
595 2951 628 3007 et
658 2943 697 3006 de
728 2963 844 3025 genere
867 2941 1030 3006 hominum
1054 2941 1109 3024 qui
1131 2941 1290 3005 talentum

116 3049 261 3115 libenter
283 3047 457 3114 suffodiunt
475 3054 507 3112 et
520 3047 669 3113 scientias
687 3047 859 3113 occultant.
901 3046 964 3112 Sed
981 3055 1013 3110 et
1025 3046 1168 3130 Capnion
1187 3068 1226 3110 ex
1242 3045 1291 3109 his

118 3154 275 3235 creditur,
293 3156 368 3238 quia
378 3156 429 3218 rix
437 3152 552 3217 afflatu
567 3153 704 3235 inspirat
714 3153 754 3217 de
764 3153 860 3217 verbo
870 3153 982 3230 crucis,
1000 3152 1091 3235 cujus
1103 3150 1292 3234 areopagita

115 3263 153 3328 in
181 3259 400 3326 ecclesiastica
424 3258 606 3323 hierarchia
625 3258 780 3322 meminit.
820 3257 884 3322 Sed
906 3263 951 3336 tu,
969 3258 1110 3322 loannes
1128 3255 1291 3333 Reuchlin,

118 3366 232 3432 omnia
254 3349 504 3430 communicabis
520 3362 708 3446 Wolfgango
732 3370 798 3443 tuo,
822 3365 877 3446 qui
899 3365 931 3427 in
956 3364 1016 3428 hac
1033 3363 1155 3427 canicie
1173 3384 1232 3427 sua
1246 3359 1292 3424 nil

114 3471 223 3555 babet
245 3492 303 3554 pro
327 3470 442 3535 solatio
458 3468 521 3533 nisi
536 3489 646 3534 sacras
663 3468 784 3533 literas.
830 3470 902 3553 lpse
919 3490 1039 3533 arcana
1055 3467 1237 3535 velamenta
1258 3471 1292 3530 61

118 3577 339 3643 secretissima
363 3576 509 3659 symbola
531 3596 594 3639 non
620 3581 751 3657 sparget
766 3575 799 3639 in
816 3596 930 3640 auram
947 3574 1005 3640 sed
1021 3574 1139 3653 silebit,
1163 3567 1292 3649 celabit,

117 3682 246 3748 tacebit
292 3690 324 3746 et
355 3681 496 3748 Verbum
524 3678 693 3744 mirificum
723 3701 881 3763 perquam
905 3681 1055 3744 diviniter
1079 3678 1173 3757 colet.
1212 3677 1293 3742 Vale

115 3789 303 3859 foeliciter„
335 3789 383 3852 Ex
415 3785 611 3850 monasterio
635 3786 701 3850 Ror
724 3785 846 3850 ordinis
870 3786 979 3851 Sancti
1002 3784 1174 3867 Augustini
1197 3802 1291 3847 cano·

115 3899 266 3964 uicorum
289 3893 495 3976 regularium.
542 3892 632 3955 Anno
655 3889 775 3954 domini
799 3891 871 3955 MD.
895 3891 975 3954 lin
999 3890 1051 3953 die
1076 3889 1105 3954 S.
1130 3887 1205 3953 Viti.
1276 3929 1278 3933 «

211 4004 372 4063 Gedruckt:
401 4001 526 4060 ize.
544 4019 570 4059 v.
589 4017 613 4058 6.
638 3993 709 4072 giib
733 4016 791 4073 sq.;
819 3997 1189 4068 1.-..1.(.6.1144;
1216 3997 1293 4053 3:

115 4115 148 4175 C.
170 4130 196 4171 r.
217 4109 351 4170 611161.
371 4111 439 4166 49³.
459 4109 526 4166 50³.

703 4240 720 4278 *

189 4342 200 4386 1
225 4333 285 4400 Vgt.
307 4331 436 4383 Reuchlin
462 4348 483 4381 s.
507 4329 609 4392 11911,
635 4329 777 4380 besonders
796 4342 818 4376 s.
843 4329 890 4380 181
912 4325 964 4376 und
987 4328 1044 4380 182.
1118 4331 1131 4381 2
1152 4323 1224 4376 linoln
1246 4322 1290 4381 161

118 4426 259 4506 psalmom
278 4422 333 4498 vgl.
353 4421 483 4473 Reuchlin
502 4435 522 4470 ι.
547 4421 591 4475 181
615 4433 637 4494 a.
662 4422 673 4469 l
696 4419 714 4476 1.
