2580 4178
676 14 739 81 150

119 209 248 297 pliciter
270 207 397 294 roganti
413 205 609 292 acquiescat,
629 204 796 273 humiliter
810 202 962 271 facultati
983 224 1058 272 cum
1079 204 1287 291 praesentium

120 316 224 382 latore
255 312 417 379 rescribat
444 317 542 396 atque
555 368 558 373 ,
572 312 601 378 ei
634 310 723 378 dicta
751 308 933 377 submittat
978 308 1094 395 Neque
1121 308 1288 399 iudignum

119 419 299 487 arbitretur
320 417 444 497 lacere,
467 413 556 502 quod
577 413 788 496 sanctissimi,
818 420 919 501 atque
941 413 1088 483 ecclesie
1114 414 1288 487 luminaria

120 524 229 591 facere
246 544 309 588 uon
325 521 492 606 dedignati
507 524 607 605 sunt,
630 518 717 585 Non
739 518 883 586 mirum
906 519 939 586 si
957 520 1117 606 jurista
1138 518 1288 593 theolo-

120 631 233 715 gicas
261 649 337 697 non
360 624 555 709 attigerit
586 623 871 691 subtilitates
914 624 1189 697 Pareat-iterum
1216 648 1289 701 con·

119 733 273 800 fidentius
294 731 450 799 scribenti
473 727 622 809 dominus
637 749 738 795 meus
764 728 944 797 ‘Videbitis
965 730 1072 799 multa
1083 730 1195 827 minus
1208 730 1288 799 bene

120 859 251 915 sonare,
281 857 353 923 quae
376 835 486 902 forsan
504 832 631 923 juristae
655 830 756 922 vvalde
786 832 872 900 bona
900 833 1060 903 ridentur.
1105 834 1193 903 Sunt
1217 836 1285 905 reli·

120 943 203 1028 giesi
235 949 269 1008 et
298 940 463 1008 seculares
498 939 555 1024 qui
584 957 696 1003 omnes
729 943 904 1022 expectant
935 938 1134 1007 sarmatiam
1172 948 1286 1011 nostre

120 1047 297 1114 facultatis.
344 1046 387 1113 Et
410 1048 566 1130 quantum
589 1062 647 1127 ego
670 1041 843 1109 advertere
865 1065 1012 1129 possum,
1040 1064 1157 1115 omues
1183 1047 1288 1133 parati

121 1157 198 1219 suut
220 1150 376 1218 adversus
398 1171 455 1217 vos
476 1148 653 1231 insurgere.
690 1144 724 1214 Si
745 1152 857 1215 autem
878 1170 938 1235 per
947 1146 1236 1243 judiciumiacnl.
1255 1180 1280 1209 tt

121 1262 242 1324 nostrae
272 1255 413 1324 absoluti
443 1252 585 1333 fueritis,
616 1271 710 1317 nemo
737 1251 802 1319 erit
829 1253 886 1339 qui
915 1253 1158 1323 condemnabit
1204 1256 1285 1325 ua

123 1361 265 1429 Coloniae
288 1361 322 1426 iu
345 1365 460 1426 octava
481 1356 702 1424 Innocentum.
727 1356 820 1423 Anno
845 1363 940 1425 1512.
1075 1376 1080 1381 ·

212 1469 374 1531 Gedruclrt:
393 1473 408 1528 1
428 1467 514 1528 =J.
530 1482 557 1524 v.
574 1482 599 1526 e.
617 1482 644 1540 q.
662 1469 692 1525 2.
726 1466 948 1527 2.=Buleeue
962 1469 982 1530 1.
998 1485 1024 1529 e.
1037 1468 1085 1553 ‘VI
1097 1488 1130 1547 p.
1150 1470 1217 1547 54„

625 1648 781 1716 CXXXV.
1092 1716 1095 1723 .

193 1741 343 1808 ratingen.
918 1794 921 1800 Α
1019 1740 1160 1795 serenae
1181 1744 1253 1794 reu.

118 1828 426 1905 Praestantissimo
453 1838 489 1902 ct
511 1827 730 1929 peritissimo
758 1825 970 1902 literatoriae
996 1828 1086 1905 artis
1114 1824 1279 1932 magistro

119 1953 155 2027 d.
176 1953 202 2027 J
204 1951 316 2026 oanni
332 1949 604 2026 Amerbacchio
632 1950 707 2026 civi
722 1948 928 2047 Basilicnsi,
950 1951 1158 2049 amicosne
1178 1980 1279 2055 quam

262 2071 606 2149 observandissime.
663 2072 704 2177 [J
705 2101 738 2148 0.
758 2070 957 2176 Reuchliu]
976 2072 1013 2150 S.
1034 2075 1079 2149 D.
1100 2076 1153 2153 P.-

208 2205 290 2283 Quia
313 2225 348 2270 es
371 2203 512 2269 omnium
534 2202 703 2269 literarum
731 2210 858 2270 amator
880 2204 1074 2289 acerrimus,
1104 2229 1172 2277 nou
1199 2209 1280 2295 potui

119 2309 328 2394 praesentium
354 2308 523 2388 ostensuri,
551 2308 581 2373 d.
603 2306 759 2375 Mattheee
779 2307 924 2374 Adriano
945 2310 1104 2395 Hispano,
1125 2315 1280 2383 medicine

117 2414 243 2480 doctori
261 2414 281 2492 ¹,
305 2412 467 2479 Basileam
490 2413 588 2494 eunti,
611 2413 691 2479 nibil
713 2414 756 2480 ad
779 2420 812 2480 te
842 2413 1012 2481 literarum
1040 2416 1131 2484 dare.
1179 2420 1278 2499 Quare

117 2520 174 2605 qui
196 2518 281 2584 soles
304 2519 468 2584 variarum
490 2517 659 2585 literarum
687 2525 905 2603 praeceptores
928 2519 1108 2604 honorare,
1145 2544 1280 2592 cronon

118 2623 217 2690 etiam
246 2621 331 2687 hunc
359 2621 605 2706 praetermittas,
638 2645 702 2708 quo
731 2625 765 2688 in
797 2625 906 2709 lingua
936 2625 1092 2693 hebraica
1122 2650 1279 2716 nunquam

116 2730 150 2794 in
184 2727 374 2793 Alemannia
407 2727 585 2793 doctiorem
618 2733 771 2812 expertus
805 2752 884 2797 sum.
944 2732 1067 2797 Audies
1103 2734 1223 2816 virum,
1254 2740 1282 2801 et

116 2833 268 2920 placebit,
292 2833 359 2898 sive
384 2830 536 2897 hebraice
560 2832 767 2899 scribendum
791 2835 833 2900 sit
856 2837 922 2928 eive
947 2857 1076 2922 quoque
1108 2838 1278 2907 chaldaice.

119 2935 317 3003 Commenda
340 2957 413 3001 eum
437 2934 540 3002 doctis
570 2943 603 3003 et
626 2937 764 3005 hebraeae
795 2939 911 3026 linguae
945 2941 1132 3011 faventibus
1162 2952 1198 3012 ct
1220 2968 1281 3013 rem

118 3042 197 3108 mihi
225 3046 351 3125 gratam
379 3040 505 3107 feceris.
552 3043 640 3109 Vale.
688 3045 737 3109 Ex
766 3045 942 3132 Tuwiugen
972 3047 1079 3132 pridie
1115 3071 1220 3119 nonas
1240 3053 1283 3137 ja

119 3146 252 3214 nuarias
276 3167 360 3212 anno
388 3151 481 3212 1512.
1181 3156 1186 3163 “

617 3254 667 3320 Jo.
693 3254 848 3321 Reuchliu
871 3256 1064 3325 Phorcensis
1087 3259 1154 3326 Lu.
1178 3260 1244 3328 doe.

205 3358 279 3420 Aue:
288 3359 389 3422 Besler
401 3363 655 3424 universitatsbibl.
665 3365 814 3425 handsebr.
833 3365 967 3426 GH13³
981 3386 1045 3428 uro.
1059 3371 1100 3430 67
1117 3373 1280 3447 autograph.

616 3536 788 3605 CXXXVI.

189 3622 361 3674 Ottobcaren.
1039 3634 1070 3680 12
1092 3631 1156 3683 Jau.
1180 3635 1252 3684 1512.

173 3712 301 3785 Frater
328 3711 506 3787 Nicolaus
534 3713 722 3813 Ellenbog
749 3715 776 3790 J
777 3716 890 3789 oanni
918 3714 1106 3818 Oapnioni
1133 3747 1163 3796 s.
1193 3721 1228 3796 d.

207 3860 354 3927 Redditee
385 3869 461 3929 sunt
486 3865 565 3930 mihi
589 3864 712 3932 dudum
742 3865 844 3931 literae
874 3867 971 3948 tuae2,
1010 3868 1060 3934 vir
1092 3869 1283 3954 doctissime,

189 4041 199 4085 l
221 4021 293 4088 iiber
308 4003 438 4090 Adrianus
451 4042 504 4107 vgl.
519 4043 634 4094 studium
649 3984 780 4094 derirebr.
793 4061 844 4111 spr.
859 4060 881 4095 s.
895 4047 1011 4098 41-48.
1026 4048 1085 4100 134.
1137 4054 1151 4102 2
1172 4052 1206 4102 30
1218 4051 1282 4119 Sept
