2798 4980
642 363 686 438 la

77 580 178 651 opera
202 558 247 632 ad
270 563 396 650 majora
420 569 575 629 reservat.
622 564 691 642 Quo
714 561 761 641 fit,
787 570 824 628 ut
838 563 925 629 inter
948 558 1096 630 assiduos
1117 561 1246 630 nostros

76 673 227 756 gemitus,
251 671 311 736 hoc
335 691 432 735 unum
456 668 517 733 tihi
540 669 695 752 gratulor,
720 668 763 732 mi
784 668 895 749 frater,
919 669 998 735 mihi
1020 691 1149 755 quoque
1170 690 1246 754 gau·

75 777 148 857 deo,
173 776 230 861 qui
252 797 273 841 a
295 776 398 841 literis
423 775 546 840 scilicet
568 774 768 854 abstractus,
800 774 887 859 apud
911 796 985 841 eum
1017 781 1127 842 tamen
1157 774 1247 859 degis

74 883 258 968 principem
284 883 304 961 ¹,
329 902 392 966 quo
416 880 484 946 haec
512 885 625 946 nostra
648 879 823 945 Germania
854 880 935 945 nihil
963 879 1064 946 habet
1091 879 1249 947 excellen-

74 989 153 1068 tius,
182 987 262 1051 nihil
284 985 452 1065 illustrius,
484 985 603 1069 quippe
633 985 690 1070 qui
721 984 877 1070 singulari
908 1007 967 1051 sua
998 987 1118 1051 virtute
1148 990 1248 1071 atque

74 1093 246 1160 beneactae
277 1091 351 1158 vit-a
382 1113 448 1157 auae
479 1090 649 1173 praeconiis
681 1088 939 1156 cantatissimum
973 1090 1088 1157 ducale
1120 1102 1248 1172 nomen,

75 1198 294 1283 militarisque
309 1196 446 1263 Romani
460 1196 589 1279 imperii
605 1195 781 1279 discipliuae
801 1216 987 1280 supremum
1003 1195 1247 1281 magisterium¹

70 1305 149 1390 jure
172 1301 379 1369 meritissimo
402 1301 621 1385 jampridem
653 1322 673 1366 a
702 1308 909 1368 sacrosancta
939 1304 1040 1388 Regia
1075 1303 1249 1388 Majestate

76 1408 228 1475 obtinere
242 1407 370 1472 meruit.
408 1406 515 1490 Atque
531 1406 667 1489 proinde
683 1407 801 1487 nescio,
826 1407 960 1492 siquod
983 1409 1191 1492 praestantius
1214 1409 1248 1473 in

77 1514 178 1580 terris
206 1534 323 1579 nomen
355 1533 375 1577 a
397 1511 468 1577 Diis
498 1511 736 1578 immortalibus
763 1511 882 1578 illustri
910 1534 976 1579 suae
1003 1512 1249 1598 magnificentiae

77 1617 227 1684 conferre
251 1617 403 1702 potnerit.
442 1617 539 1683 Vivat
560 1638 660 1702 posco
684 1616 740 1682 diu
759 1616 850 1683 foelix
864 1619 938 1683 Dux
959 1619 1118 1685 maximus
1139 1619 1247 1687 armis.

78 1725 124 1790 Et
146 1723 263 1808 patriae
285 1723 398 1808 praesit
420 1721 620 1807 imperioque
644 1722 711 1788 diu.
1087 1719 1089 1723 ’

168 1828 330 1894 Caeterum
358 1827 601 1894 emendationes
630 1834 705 1895 tuas
734 1829 767 1892 in
791 1828 892 1895 libros
914 1827 955 1895 de
980 1829 1088 1896 Verbo
1111 1827 1245 1895 mirifico

78 1940 187 2020 perte
204 1940 334 2000 notatas
351 1934 383 1998 in
398 1932 462 1999 fine
478 1933 626 2000 citandas
648 1934 771 2018 perlegi
789 1933 810 1998 ³.
848 1934 941 2000 Dabo
959 1955 1086 2020 quoque
1103 1955 1246 2018 operam,

79 2040 288 2126 quantumin
310 2061 361 2103 me
378 2039 454 2119 erit,
475 2044 513 2104 ut
535 2039 731 2124 conjunctim
751 2061 811 2124 pro
831 2045 888 2106 tuo
913 2047 987 2106 voto
1009 2040 1246 2124 imprimantur,

78 2151 156 2230 post
183 2145 306 2211 calcem
334 2164 462 2228 quoque
491 2164 602 2213 eorum
630 2143 786 2211 librorum
818 2144 874 2229 qui
900 2145 1006 2212 adhuc
1037 2146 1070 2210 in
1097 2145 1247 2211 manibus

79 2257 156 2317 sunt
181 2250 387 2334 impressoris
415 2256 628 2334 reponantur,
658 2271 723 2336 quo
750 2251 953 2353 conspectius
982 2251 1106 2336 liquare
1134 2252 1247 2336 possit,

77 2356 254 2441 quibusin
278 2357 355 2421 locis
384 2355 616 2440 impressorum
648 2356 888 2424 inadvertentia
910 2358 1056 2442 egregias
1086 2363 1162 2424 tuas
1193 2356 1248 2423 de·

77 2462 227 2548 pravarit
242 2462 429 2529 sententiaa.
468 2462 516 2527 Tu
531 2461 657 2527 interea
672 2461 816 2541 curabis,
840 2467 877 2529 ut
897 2461 1072 2548 aliquando
1089 2469 1122 2529 te
1138 2481 1247 2531 coram

79 2567 228 2635 contueri
258 2566 371 2646 liceat,
412 2572 533 2651 tuaque
560 2567 796 2652 jucundissima
830 2568 895 2634 frui
926 2569 1108 2654 praesentia.
1154 2567 1245 2648 Vale,

78 2673 270 2740 snamssime
299 2679 495 2756 praeceptor,
534 2677 674 2758 tuasque
704 2673 937 2740 amoenissimas
969 2674 1012 2740 ad
1041 2695 1094 2740 me
1130 2673 1247 2757 saepius

78 2780 129 2844 ire
152 2778 239 2845 sinas
261 2775 418 2842 literulas.
463 2776 608 2843 Plurima
637 2784 670 2844 te
693 2800 775 2864 puer
802 2785 915 2846 noster
938 2778 1129 2864 Onophryus
1153 2778 1168 2816 ⁴
1189 2779 1246 2843 im·
1313 2791 1318 2801 ·

78 2883 183 2970 pertit
205 2883 353 2962 salutem,
376 2881 432 2968 qui
454 2882 580 2948 utinam
603 2882 663 2948 sub
689 2889 721 2950 te
745 2885 910 2968 magistro,
932 2888 1030 2968 teque
1046 2888 1245 2967 praeceptore

79 2990 122 3056 de
145 2987 396 3073 locupletissimo
421 2986 631 3073 effluentique
647 2989 793 3055 Castalio
816 2995 873 3054 tuo
896 2988 994 3054 latice
1009 3008 1113 3073 aquas
1128 2992 1242 3072 potare

79 3093 252 3160 mellifluas
275 3093 449 3178 aliquando
472 3100 593 3177 posset.
633 3095 756 3160 Iterum
778 3094 858 3175 vale,
881 3094 1051 3161 literarum
1076 3100 1110 3160 et
1131 3093 1247 3177 patriae

79 3207 202 3266 nostras
225 3199 333 3265 decus.
377 3199 427 3264 Ex
456 3199 599 3280 Basiles,
628 3200 784 3266 Kalendis
807 3199 1011 3281 octobribus,
1042 3202 1246 3266 ann01495.

171 3309 335 3369 Gedruckt:
360 3314 437 3367 1:
454 3308 485 3368 G.
511 3326 536 3368 v.
562 3326 586 3368 e.
609 3305 728 3383 ela-ln
755 3313 772 3369 2
794 3311 823 3370 J.
845 3327 872 3372 v.
894 3327 919 3372 o.
940 3307 1006 3371 f4h
1026 3327 1084 3387 sq.;
1111 3312 1129 3369 3
1154 3305 1243 3366 =O.

79 3433 108 3478 v.
126 3433 152 3478 e.
169 3416 198 3475 II
212 3414 261 3476 fol.
280 3416 340 3474 37⁸
356 3413 424 3474 38⁸.
911 3420 919 3435 ²

651 3563 667 3600 ’t

155 3663 342 3735 tprinoipem]
366 3663 500 3718 Eberhard
523 3680 574 3717 von
598 3662 790 3732 Wdrtemberg.
865 3647 972 3718 allber
997 3660 1149 3716 Eberharda
1173 3659 1247 3714 erhe-

79 3753 155 3822 bmrg
174 3768 222 3806 aur
245 3753 448 3823 herrogswitrde
467 3755 521 3822 vgl.
547 3753 614 3806 oben
635 3770 655 3805 s.
675 3755 707 3803 47
728 3767 796 3804 enm.
820 3757 842 3805 1.
916 3757 931 3804 3
952 3753 1045 3805 Dieses
1065 3749 1248 3802 druohfehler·

79 3838 260 3896 verneiohnies
273 3845 315 3907 ist,
333 3844 427 3895 soweit
438 3844 482 3894 ich
494 3843 566 3907 seha,
586 3847 639 3894 eret
652 3842 678 3891 in
698 3839 744 3892 der
756 3840 824 3892 oben
836 3855 893 3892 nro.
906 3839 993 3891 Xth
1008 3842 1022 3889 3
1037 3835 1247 3890 besohriebenen

79 3929 201 3999 ausgabc
219 3927 384 3998 abgedruolrt
402 3930 517 3984 worden.
575 3928 769 3996 40nophryus
789 3931 871 3979 Brant
889 3927 1014 3979 studierte
1032 3925 1059 3975 iu
1079 3924 1170 3985 Baeel;
1190 3925 1248 3974 sinc
1335 3984 1336 3988 Ἰ

80 4020 192 4073 vorrede
210 4037 245 4072 zu
263 4019 313 4071 den
332 4020 469 4087 predigten
488 4020 553 4070 tiber
571 4019 618 4069 das
638 4017 813 4068 norrensohiff
829 4015 883 4066 und
902 4031 935 4066 zu
954 4014 1040 4065 seines
1059 4018 1145 4063 vetars
1164 4012 1247 4062 work:

81 4111 113 4160 ln
126 4109 173 4159 das
192 4108 269 4161 leben
289 4108 344 4159 und
364 4106 551 4176 tugendlichen
570 4106 741 4172 geschichten
761 4105 858 4169 keyser
876 4103 932 4153 Titi
949 4101 1106 4167 Vespasiani
1122 4102 1187 4151 1520
1201 4098 1247 4151 tol.

81 4199 118 4249 ise
141 4212 194 4249 von
217 4195 281 4248 ihm.
319 4194 379 4264 Vgl.
407 4195 439 4247 A.
462 4196 503 4248 W.
527 4193 644 4257 Strobel,
669 4192 789 4260 beitrttge
814 4207 859 4242 zur
881 4189 1025 4242 deutschen
1049 4188 1169 4240 litaretur
1195 4185 1248 4236 und

79 4284 261 4352 literargeseh.
287 4284 364 4336 Paris
386 4283 440 4335 und
465 4282 619 4350 Shassburg
644 4285 710 4333 1827
730 4297 751 4332 s.
774 4279 805 4330 15
824 4281 841 4332 s.
879 4277 1022 4330 Vielleicht
1047 4277 1093 4329 hrt
1119 4274 1247 4325 Renchlin

79 4375 108 4424 in
126 4374 198 4442 tolga
216 4373 303 4425 dieses
321 4372 419 4425 brieter
439 4370 489 4422 dan
508 4373 588 4423 Brant
607 4369 797 4437 aulgefordert,
821 4368 912 4421 seincn
930 4366 997 4417 sohn
1017 4364 1175 4431 Onophryus
1193 4361 1248 4410 ihm

81 4477 115 4514 au
133 4462 269 4528 echichen,
286 4460 343 4530 vgl.
363 4467 442 4513 unten
460 4475 517 4513 nro.
535 4459 621 4511 LXIX
640 4474 710 4509 anm.
730 4461 754 4510 2.

107 4577 242 4620 sesenna
1020 4545 1039 4605 4
