2580 4178
117 136 136 161 .-
188 150 218 187 ‚.
591 112 745 183 ccxxx.

154 202 296 271 Btuttgart.
1006 207 1118 263 ascet
1141 211 1216 262 1516.

81 286 406 367 Excellentissimo
431 286 546 365 studii
566 288 786 367 Viennensis
811 293 1044 372 noviciorum
1062 299 1255 398 gymnasi-‘

80 412 208 491 archa
217 412 371 489 domino
385 411 559 489 Vadiano
571 412 819 491 studiosorum
832 415 993 518 principi
1010 430 1047 492 et
1064 419 1252 497 literarum

144 534 353 637 legislatori
369 535 592 611 amicissimo
609 563 676 613 suo
693 542 706 593 ¹
725 536 800 640 [Jo.
820 538 1018 642 Reuchlin]
1036 566 1064 616 s.
1086 542 1121 616 d.
1141 571 1179 644 p.

127 714 130 719 ·
172 680 279 764 Orode
300 680 389 763 mihi,
410 682 512 749 tantis
539 702 612 748 sum
641 682 780 750 obrutus
802 686 956 770 negociis,
984 692 1022 752 ut
1051 687 1249 773 elegantissi-

78 786 155 855 mia·
174 786 242 855 tuis
276 784 382 854 literis
416 808 458 853 ne
487 786 628 855 barbare
664 788 813 875 quidem,
835 796 871 856 ut
916 789 1015 871 soleo,
1050 793 1248 878 respondere

79 912 167 959 nune
195 892 327 979 possim.
380 892 488 972 Quare
517 893 624 959 tolera
650 893 836 960 humaniter
863 896 1104 963 excusationem
1133 919 1248 981 meam,

78 984 218 1083 posthae
239 1002 353 1064 nostra
373 996 499 1064 ridebis
521 996 741 1066 abundantius
756 1000 807 1066 vel
822 999 950 1068 libellos
968 1002 980 1041 ⁹
1009 1002 1127 1086 quibus
1152 1003 1249 1070 suda·

78 1120 153 1169 mus
173 1101 209 1169 in
230 1103 405 1189 prasentia
426 1103 513 1169 haud
536 1105 687 1188 seguiter.
733 1106 878 1190 Expecto
902 1106 1046 1191 quotidie
1071 1108 1249 1174 Romanam

36 1226 39 1233 ·
78 1207 291 1287 sententiam,
320 1208 446 1274 utinam
474 1230 535 1294 pro
566 1210 659 1276 nobis
690 1216 724 1276 et
754 1232 814 1295 pro
838 1212 976 1277 veritate
1000 1212 1247 1280 decernendam.

79 1312 172 1379 Tunc
193 1312 347 1380 liberiore
378 1334 461 1379 rena
490 1315 534 1380 ad
557 1320 590 1381 te
614 1321 649 1381 et
680 1314 762 1382 alios
784 1315 863 1381 mihi
893 1316 1038 1396 deditos,
1070 1318 1248 1385 auxiliante

24 1414 44 1421 ”
77 1418 380 1505 aspersorium.
412 1419 501 1487 Vale.
511 1419 731 1504 Stuttgardiae,
749 1420 1132 1488 ax1.N0vembrisann0
1152 1429 1247 1490 1516.

163 1528 166 1533 '
472 1525 615 1592 Joannes
638 1526 796 1592 Reuchlin
818 1527 1010 1595 Phorcensis
1036 1527 1097 1592 LL.
1123 1529 1200 1595 Doe.

132 1656 136 1663 '
165 1648 345 1711 Handsehm
373 1657 388 1712 1
407 1672 449 1709 =
465 1652 672 1714 Vedianiseher
686 1653 881 1715 briefwecbsel
900 1654 948 1714 bd.
970 1659 996 1714 1.
1014 1673 1037 1714 s.
1056 1658 1094 1716 81
1114 1656 1195 1733 (bibl.
1212 1675 1247 1717 zu

73 1758 117 1819 St
143 1755 263 1831 Gallen)
286 1763 399 1833 autogr.
448 1763 526 1819 2:
545 1759 726 1821 Huberiscbe
741 1761 909 1835 sammlung.
948 1761 1032 1820 Band
1049 1764 1088 1821 49
1105 1761 1247 1836 derApo·

72 1863 202 1943 grapba:
226 1865 355 1939 epistola
375 1864 413 1925 ad
442 1865 622 1930 Joaehimum
652 1865 826 1941 vedianum,
849 1867 885 1927 de
914 1869 995 1942 ipsis,
1011 1884 1075 1942 quae
1098 1869 1128 1926 in
1143 1866 1248 1927 biblio·

69 1970 161 2031 theca
182 1968 212 2030 S.
237 1968 271 2028 P.
296 1970 330 2042 Q,
359 1969 555 2044 sangallensis
581 1973 786 2048 adservantur,
816 1973 1004 2049 originalibus
1035 1973 1246 2048 exemplaribus

68 2075 282 2150 masscdptoe.
298 2073 357 2149 (Ga
374 2075 412 2149 II,
428 2077 471 2136 38
488 2076 541 2138 der
554 2076 634 2138 Basl.
651 2075 737 2158 bibl.)
754 2079 791 2139 bl.
810 2080 862 2140 41.

67 2332 91 2339 ..
109 2300 111 2305 ·
578 2260 746 2330 CCXXXI.

145 2348 284 2417 stuttgart.
992 2353 1022 2400 13
1043 2351 1108 2402 Nor.
1132 2354 1206 2403 1516.

66 2436 239 2517 Joannes
265 2437 448 2513 Reuchlin
475 2437 690 2539 phorcensis
717 2436 875 2512 Nicolao
903 2437 1091 2539 Ellenbog
1118 2466 1145 2512 s.
1176 2440 1244 2513 d.³

163 2585 267 2664 Quem
281 2584 325 2650 ad
340 2591 372 2651 te
388 2585 494 2665 mitto,
513 2585 644 2665 Nicolae,
662 2585 777 2650 harum
794 2591 1004 2663 ostensorem,
1016 2587 1043 2652 is
1060 2586 1102 2651 ab
1119 2585 1244 2652 amicis·

66 2691 156 2759 simo
179 2698 212 2756 et
235 2691 299 2756 mei
321 2692 542 2756 amantissimo
566 2693 701 2757 Erasmo
716 2690 934 2756 Roterodamo
958 2713 1030 2757 oum
1053 2692 1157 2756 literis
1177 2692 1243 2758 suis

68 2818 133 2882 pro
156 2817 247 2861 more
271 2796 517 2880 elegantissimis
546 2798 589 2862 ad
612 2797 814 2862 menendus
838 2797 985 2862 accessit.
1034 2797 1099 2876 Vir,
1123 2802 1159 2862 ut
1183 2817 1241 2880 ego

69 2901 113 2968 de
137 2900 230 2967 vultu
253 2903 398 2986 conjicio,
430 2901 605 2967 admodum
621 2902 824 2968 venerandus
848 2909 881 2968 et
897 2909 965 2969 tam
985 2903 1076 2987 gravi
1091 2903 1239 2969 mittente

70 3006 295 3073 Roterodamo
320 3008 442 3090 dignus.
496 3007 575 3086 Quis
598 3009 683 3073 enim
714 3030 777 3074 non
809 3009 916 3076 omnia
939 3030 1010 3094 quae
1039 3008 1081 3075 ab
1104 3009 1240 3074 Erasmo

651 3139 668 3177 a:

128 3226 297 3277 lAul'schrilt
310 3227 482 3293 ausgalassen
491 3234 515 3279 2.
553 3231 616 3279 tDe
632 3235 686 3279 arte
696 3229 852 3280 cabalistica
864 3247 884 3280 s.
898 3237 976 3280 unten
987 3246 1042 3280 nro.
1053 3227 1244 3279 ccxxxvm.

67 3320 85 3368 3
106 3299 182 3366 iiber
200 3317 291 3367 aeinen
316 3317 439 3368 fritheren
463 3317 646 3368 brielwechsel
671 3319 719 3367 mit
738 3319 866 3368 Reucblin
890 3317 1007 3368 schreibt
1024 3316 1156 3382 Ellenbog
1177 3317 1243 3364 1526

67 3407 98 3454 in
127 3402 170 3453 die
191 3403 263 3454 Sexti
288 3421 319 3454 an
345 3407 435 3454 seinen
462 3406 554 3455 lreund
577 3405 666 3456 Jakob
692 3409 827 3456 Gruerius.
872 3408 965 3456 Dieser
992 3407 1063 3455 hatte
1086 3405 1140 3453 ihm
1164 3419 1242 3466 ange·

67 3493 163 3552 boten,
182 3491 370 3555 collectaneen,
391 3493 432 3542 die
452 3510 478 3542 er
498 3495 524 3541 in
538 3494 681 3544 Reuchlins
694 3495 868 3559 vorlesungen
882 3493 1044 3559 gesammelt,
1064 3507 1096 3542 au
1109 3491 1243 3555 echichen,

64 3580 127 3632 und
141 3579 273 3647 Ellenbog
291 3582 363 3631 hatte
382 3598 409 3630 os
424 3597 627 3646 angenommen:
647 3584 741 3631 mirum
763 3585 831 3632 enim
852 3583 924 3631 dictu
944 3597 1021 3646 quam
1041 3581 1122 3630 faciat
1142 3579 1174 3629 ad
1193 3588 1245 3630 slo-

66 3668 198 3720 machum
226 3685 311 3719 mcum
336 3670 475 3719 reuchlina
502 3678 592 3736 parata
612 3672 708 3720 eulina.
747 3671 807 3719 Fuit
826 3671 890 3720 mibi
910 3671 950 3720 vir
974 3670 1019 3718 ille
1040 3669 1246 3719 humanissimus

66 3774 125 3809 non
150 3772 242 3822 parum
269 3759 388 3818 affectus,
412 3758 473 3808 dum
493 3759 519 3807 in
544 3759 667 3809 humanis
692 3766 770 3808 esset.
806 3759 840 3808 Et
867 3757 930 3808 licet
952 3775 984 3807 ex
1004 3758 1071 3808 facie
1091 3757 1245 3807 alterutrum

64 3862 119 3897 noa
139 3861 193 3895 non
206 3847 357 3895 noverimus
377 3847 460 3897 literis
474 3856 560 3899 tamen
575 3848 753 3913 frequentibus
768 3847 872 3911 (quibus
885 3848 1042 3896 rusticorum
1061 3846 1108 3896 illa
1120 3845 1246 3896 seditiosa

62 3935 143 3985 factu
166 3949 206 3982 rne
225 3936 350 3999 privavit)
372 3951 412 3983 me
432 3936 505 3996 adiit,
525 3952 591 4001 quas
609 3952 672 3985 sane
692 3942 721 3984 ut
735 3935 819 3985 Croesi
839 3951 902 4000 opes
921 3951 1001 4000 penes
1015 3952 1056 3988 mc
1076 3934 1243 3988 reservabam

60 4033 90 4077 et
110 4021 310 4078 deosculabatur.
331 4024 362 4077 d.
383 4039 405 4077 s.
426 4040 458 4092 0.,
478 4023 530 4079 vol.
548 4026 569 4091 1,
588 4024 634 4076 lib.
653 4010 703 4088 lV,
717 4041 755 4091 ep.
777 4026 818 4088 49,
838 4023 883 4074 fol.
908 4026 965 4078 133.
