2798 4980
661 338 728 406 255

107 516 305 584 illustrasse.
353 515 526 583 Camillum
547 516 696 601 proiecto
720 519 863 586 omnium
878 519 1041 586 sententia
1062 520 1096 585 in
1112 518 1287 587 Germania

109 622 233 702 refers,
257 629 313 702 tu,
346 623 403 706 qui
440 622 541 688 bonas
574 623 688 688 literas
723 625 879 691 cadentes
915 631 948 690 et
982 631 1220 691 marcescentes
1251 626 1285 690 in

108 718 284 813 pristinum
307 725 445 793 nitorem
469 727 649 794 sustuleris.
695 730 790 796 Solus
814 729 963 795 omnibus
982 730 1152 795 Germanis
1168 730 1288 814 ingenii

110 833 211 899 decus
247 839 282 899 et
313 833 450 916 gloriam
481 834 633 917 prefers,
669 835 756 900 solus
789 835 997 901 Germaniam
1030 836 1136 900 literis
1168 834 1288 920 ubique

111 939 257 1022 gentium
280 959 386 1005 ornas.
431 937 547 1023 Itaque
572 961 688 1022 magna
711 941 774 1006 tibi
802 941 901 1007 debet
923 942 1117 1021 Germania,
1141 941 1197 1025 qui
1219 941 1289 1006 uni-

112 1065 188 1111 cum
212 1046 403 1128 germanicae
426 1045 557 1110 virtutis
581 1046 625 1111 sis
640 1053 894 1112 monumentum.
942 1047 1059 1112 Merito
1087 1047 1186 1130 igitur
1209 1044 1289 1110 (ier-

110 1152 200 1216 mani
223 1156 298 1216 tuas
320 1150 493 1234 deplorant
523 1151 748 1218 adversitates.
796 1153 998 1240 aequissimo
1024 1153 1100 1237 jure
1131 1149 1287 1217 adversus

112 1261 207 1322 tuum
229 1257 464 1340 nequissimum
487 1256 629 1337 hostem,
661 1258 710 1322 tui
735 1278 834 1324 causa
861 1259 982 1325 inirent
1004 1257 1286 1340 sanguinolentum

111 1361 278 1447 prelium,
308 1360 395 1444 quod
424 1361 453 1427 is
483 1361 612 1428 infamis
635 1361 805 1444 lamicida,
833 1364 917 1448 juris
942 1369 976 1429 et
1007 1363 1171 1448 aeqnitatis
1193 1369 1289 1429 atrox

113 1466 360 1551 prevaricator,
392 1473 483 1533 tuam
507 1467 725 1533 venerandam
757 1474 972 1548 senectutem,
1012 1469 1131 1534 famam
1168 1489 1285 1552 puram

113 1571 395 1655 praeclarissimam
424 1572 605 1637 doctrinam
638 1573 874 1655 calumniatur,
909 1575 1048 1654 lacerat,
1087 1580 1121 1639 et
1147 1572 1287 1658 pedibus

114 1677 256 1744 subdere
271 1678 396 1743 nititur.
428 1679 560 1744 Utinam
575 1681 640 1744 ima
657 1679 754 1745 tellus
770 1679 926 1760 dehiscat,
942 1687 976 1745 et
991 1679 1128 1745 tinctum
1139 1679 1288 1744 Judaeum

114 1783 265 1862 devoret,
303 1789 403 1868 atque
442 1783 541 1848 etiam
578 1791 684 1850 atram
724 1784 1073 1868 pseudotheologorum
1113 1784 1216 1849 aciem
1253 1789 1287 1849 et

115 1909 333 1954 arumnosam
349 1889 601 1955 fraterculorum
624 1891 880 1971 conventionem,
904 1890 991 1975 quod
1007 1889 1122 1955 inutile
1139 1890 1287 1972 ignarum

114 2000 217 2079 atquc
241 1995 479 2062 atrocissimum
502 2017 601 2079 genus
625 1997 799 2075 bonriuum,
823 1995 990 2061 crudelem
1013 2001 1107 2060 tuum
1130 1993 1284 2060 calumni-

115 2106 244 2166 atorem
266 2100 370 2179 fovet,
403 2101 558 2165 adversus
586 2107 619 2165 te
649 2101 859 2185 injustissime
884 2101 1033 2168 subsidia
1062 2101 1092 2166 ei
1114 2100 1287 2180 ministrat,

115 2211 155 2273 ut
177 2205 220 2271 ob
244 2205 397 2270 virtutem
414 2194 620 2290 oppugneris,
645 2207 730 2291 quod
746 2208 875 2291 penitus
901 2229 1009 2272 meum
1034 2227 1090 2272 cor
1113 2206 1287 2272 exulcerat.

116 2311 183 2378 Sed
206 2310 305 2376 latius
329 2331 428 2395 quam
451 2311 596 2395 epistolae
625 2312 739 2377 modus
759 2314 867 2397 poscit
891 2318 1046 2397 evagatus
1073 2335 1153 2378 sum.
1179 2313 1227 2377 Tu
1243 2311 1285 2377 ob

115 2415 404 2501 singularemque
436 2422 469 2481 te
497 2438 678 2501 prosequor
701 2439 861 2498 amorem,
893 2425 1039 2485 nostram
1063 2419 1288 2502 garrulitatem

115 2541 210 2607 reque
235 2521 321 2587 feras
344 2523 465 2601 anime,
497 2529 530 2587 et
552 2522 652 2586 animi
683 2521 855 2590 affectibus
879 2529 1034 2608 tempera.
1082 2525 1170 2590 Dens
1199 2524 1288 2589 solus

110 2627 215 2712 judex
241 2647 354 2712 aquus
378 2648 416 2693 eo
439 2633 563 2708 vertet,
595 2634 634 2693 ut
656 2629 793 2713 injustos
822 2635 887 2694 tuae
918 2629 1034 2694 nobilis
1057 2629 1150 2694 famae
1179 2628 1288 2695 hostes

117 2732 271 2799 devincas
295 2733 383 2818 quod
408 2732 506 2799 etiam
530 2739 629 2816 atque
646 2734 743 2798 etiam
760 2735 819 2799 tibi
842 2755 967 2819 precor.

207 2839 278 2902 Hoc
302 2860 401 2903 unum
424 2845 457 2903 te
480 2839 606 2905 nescire
634 2839 717 2904 nolo.
763 2839 824 2903 Tui
855 2839 987 2905 honoris
1015 2838 1156 2923 lupun1¹
1186 2857 1287 2904 novas

115 2943 279 3030 quasdam
311 2944 451 3028 ineptias
484 2945 602 3029 quibus
635 2952 725 3009 tuam
760 2943 879 3009 famam
910 2944 1045 3009 demetit
1077 2944 1287 3027 congessisse,

114 3069 200 3134 quas
223 3049 454 3132 Archipraesuli
477 3050 723 3135 Mogontiuensi,
755 3049 1052 3132 Mademburgensi,
1082 3049 1289 3115 Halberstat·

114 3154 202 3220 tensi
230 3155 320 3220 etc.²
360 3175 452 3240 aeque
483 3157 608 3239 potenti
640 3164 739 3240 atque
766 3156 856 3240 justo
889 3154 1126 3239 archeprincipi
1157 3154 1287 3220 domino
1376 3224 1378 3228 ,

114 3281 190 3326 meo
225 3260 474 3326 clementissimo
505 3260 635 3326 dicavit.
683 3261 823 3346 Sperans
848 3283 886 3327 eo
923 3268 956 3327 et
988 3261 1099 3326 odium
1131 3261 1287 3346 principis

114 3365 179 3431 tibi
203 3367 433 3446 excitaturum,
469 3372 503 3432 et
534 3366 716 3432 subsidium
738 3368 781 3433 ab
804 3368 925 3433 illustri
956 3389 1015 3434 sua
1043 3368 1150 3452 gratia
1172 3389 1207 3434 se
1231 3367 1289 3433 ad·

114 3493 230 3538 versus
263 3477 296 3537 te
328 3473 585 3555 impetraturum.
642 3472 782 3537 Aderam
821 3474 957 3540 fortuito
991 3496 1064 3541 cum
1095 3475 1150 3541 ille
1183 3473 1288 3539 futilis

113 3576 246 3643 libellus
270 3577 488 3642 detractorius
511 3575 684 3643 afferretur
706 3580 859 3664 principi,
883 3587 916 3646 et
939 3602 1004 3646 una
1027 3601 1101 3647 cum
1124 3581 1286 3647 nonnullis

114 3681 319 3748 eruditorum
343 3681 567 3748 defensoribus
591 3683 786 3750 sententiam
809 3685 1006 3770 interposui,
1030 3686 1112 3751 adeo
1136 3691 1174 3751 ut
1196 3685 1288 3749 Priu-

114 3808 194 3872 ceps
217 3808 277 3853 nec
299 3787 428 3866 librum,
452 3788 480 3854 si
503 3810 568 3873 qua
591 3789 713 3876 alioqui
736 3790 898 3857 decuisset
920 3791 1041 3875 gratia,
1065 3789 1230 3875 acceperit
1252 3794 1286 3856 et

113 3893 256 3960 latorem
277 3893 462 3960 inauditum
484 3893 762 3981 insalutatumque
786 3896 933 3980 abegerit
949 3896 971 3963 ⁸.

697 4008 716 4048 ’l‘

192 4101 203 4148 1
225 4093 325 4166 Lupus]
346 4096 508 4150 Piefferlrorn
532 4097 654 4166 ineptius]
675 4097 793 4149 defensio
821 4104 913 4151 contra
935 4100 1065 4163 famosas,
1083 4097 1137 4166 vgl.
1156 4096 1287 4150 Reucblin

113 4203 137 4239 e.
158 4188 210 4237 378
230 4187 258 4238 ff.
332 4192 346 4236 2
368 4187 494 4238 Albrccht
514 4202 565 4237 vnn
584 4187 680 4237 Maius.
754 4188 890 4238 3Hutten
910 4203 942 4236 an
964 4187 1071 4238 Nueuar
1090 4191 1105 4238 3
1126 4187 1189 4254 Apr.
1212 4189 1290 4250 1518,

113 4275 156 4325 ed.
178 4275 301 4339 Bbclring
319 4272 343 4337 1,
369 4292 389 4325 s.
420 4277 467 4326 168
495 4275 596 4325 eratihlt
615 4276 657 4325 die
676 4274 755 4325 sache
775 4282 856 4326 etwas
880 4276 982 4327 andere.
1020 4275 1130 4328 Danacb
1150 4276 1224 4327 little
1243 4274 1290 4327 der

112 4361 270 4414 erabiscbof
285 4361 328 4412 die
346 4363 400 4413 ihm
419 4378 469 4413 von
485 4365 599 4414 Stramer
618 4364 782 4414 tiberi-eichte
800 4363 890 4414 eclirif*
913 4380 983 4414 nevar
1000 4364 1118 4431 geleren,
1137 4363 1200 4416 aber
1219 4363 1289 4414 nach

112 4451 173 4504 deur
194 4453 267 4503 lesen
282 4453 330 4501 mit
344 4452 392 4502 den
408 4461 504 4503 werten
521 4454 576 4515 ,sic
595 4459 702 4519 pereant
717 4452 760 4516 qui
775 4454 813 4502 sic
832 4453 988 4519 loquuntur¹‘
1010 4455 1051 4506 ins
1064 4456 1135 4506 feuer
1147 4454 1289 4522 gonorian.
