2798 4980
675 327 743 395 254

127 517 162 586 id
189 519 267 586 mihi
290 525 380 587 certo
402 517 567 586 reddetur.
612 519 700 585 Beue
722 518 812 599 vale,
835 519 1019 587 Germaniae
1041 527 1159 586 nostre
1186 519 1272 587 decus.

127 623 161 691 Si
185 625 397 709 Philippum²
432 625 585 710 juvenem
616 625 658 690 ad
682 624 864 692 Roffensem
890 627 1019 693 miseris
1049 627 1116 693 tuis
1139 647 1271 692 commen·

126 728 240 796 datum
271 731 388 811 literis,
420 729 499 795 milui
531 730 641 810 crode,
680 729 878 797 tractabitur
912 731 1161 812 humanissime,
1188 729 1270 797 etad

126 836 359 922 amplissimam
392 836 557 902 fortunam
590 835 795 919 provehetur.
850 835 919 902 Neo
956 857 1096 921 usquam
1132 836 1269 919 continget

124 941 199 1026 plus
222 942 285 1007 ocii
308 941 350 1007 ad
373 942 512 1025 optimas
534 940 657 1006 literas.
704 941 866 1008 Fortassis
894 942 950 1008 ille
974 943 1046 1009 sitit
1068 943 1201 1008 Italiam.
1238 941 1268 1005 u

126 1046 176 1113 his
192 1045 393 1131 temporibus
408 1046 538 1112 Italiam
553 1046 655 1112 habet
671 1046 786 1130 Anglia
802 1052 836 1113 et
850 1048 885 1112 ni
899 1048 997 1133 plane
1012 1047 1118 1128 fallor,
1140 1045 1265 1132 quiddam

125 1152 222 1219 Italia
236 1153 453 1239 prestantius.
484 1152 624 1218 Rursum
640 1151 719 1218 vale.
760 1152 881 1219 Calecii
897 1153 951 1220 VI
966 1153 1062 1219 ΚΑΒ.
1079 1151 1264 1238 Septembres.

213 1261 373 1322 samem:
391 1282 433 1315 =
448 1260 476 1322 J.
493 1278 521 1320 v.
538 1277 564 1322 e.
581 1278 595 1321 s
610 1257 669 1322 nin
687 1263 731 1322 us
746 1269 784 1322 a.
941 1246 947 1259 “

628 1516 782 1584 CCXXII.

196 1604 317 1671 (lisina.)
1004 1609 1036 1658 31
1058 1607 1128 1673 sug.
1146 1605 1234 1671 (litt).

122 1693 332 1770 Henrichus
352 1692 514 1770 Stromer
531 1692 788 1769 Aurbacchius
803 1691 829 1790 ²,
849 1692 1045 1770 medicinae
1065 1694 1195 1790 doctor,
1211 1691 1258 1766 do·

215 1817 333 1893 hanni
350 1817 533 1892 Rcuchlin
551 1816 753 1893 Phorcensi
770 1817 846 1892 LL.
869 1816 1011 1893 doctori
1031 1817 1068 1895 S.
1089 1818 1133 1892 D.
1152 1817 1189 1892 P.

211 1965 261 2030 Ne
285 1964 420 2044 mireris,
444 1965 493 2029 vir
508 1964 693 2050 eloquentia
708 1972 807 2051 atque
826 1965 911 2050 juris
929 1965 1105 2049 prudentia
1119 1959 1258 2031 absolutis

123 2071 221 2149 sime,
255 2071 341 2155 quod
374 2092 433 2154 ego
466 2071 526 2136 tibi
554 2072 735 2155 incognitus
762 2070 892 2137 incultis
926 2070 1035 2137 verbis
1061 2069 1193 2136 audeam
1212 2064 1258 2132 tuis

121 2176 308 2241 tersissimis
320 2176 455 2241 auribus
471 2177 660 2260 obstrepere
671 2176 695 2242 ³.
718 2176 757 2241 Id
780 2176 864 2242 enim
880 2174 995 2255 evenit,
1018 2197 1082 2241 uon
1098 2196 1139 2241 ex
1159 2169 1258 2239 temeri·

120 2285 200 2358 tate,
223 2280 280 2345 sed
303 2280 485 2348 incredibili
507 2288 541 2348 et
559 2281 710 2367 flagranti
733 2288 844 2348 nostro
865 2282 942 2365 erga
958 2281 1128 2349 universos
1143 2277 1258 2345 eruditus

120 2383 269 2450 homines
300 2406 419 2452 amore.
465 2388 510 2452 Es
543 2387 627 2453 enim
660 2387 755 2454 homo
787 2407 921 2471 syncera
956 2407 1069 2453 amore
1102 2391 1136 2452 et
1161 2399 1258 2451 summu

121 2491 328 2556 veneratione
352 2491 568 2575 dignissimus,
592 2492 646 2577 qui
668 2493 793 2577 primus
807 2491 993 2558 hebraicam
1017 2491 1158 2575 linguam
1179 2487 1258 2555 soluts

120 2593 278 2661 hactenus
301 2617 339 2662 ac
363 2598 484 2663 rustice
508 2599 715 2678 stridentem,
744 2598 845 2664 donec
868 2599 927 2664 abs
950 2605 983 2663 te
1009 2597 1137 2682 legibus
1158 2589 1258 2661 dicendi

120 2700 345 2786 subjiceretur,
370 2704 589 2786 grammaticis
612 2703 707 2769 nodis
729 2711 806 2788 apte
822 2710 856 2770 et
871 2704 1025 2769 concinne
1048 2697 1258 2787 perstrinxeris,

119 2814 187 2873 tarn
209 2816 324 2893 aperto
350 2808 488 2875 artificio
515 2809 602 2894 quod
631 2809 683 2875 vel
705 2809 868 2875 mediocre
890 2809 1018 2892 ingenio
1048 2808 1199 2893 praeditus
1217 2821 1258 2870 suo

119 2913 226 2980 Marte
250 2916 315 2982 tuis
331 2937 371 2980 ex
386 2915 558 3000 praeceptis
574 2914 759 2998 perdiscere
777 2914 898 2993 valeat,¹
908 2913 1046 2979 officium
1057 2920 1146 2980 certe
1161 2906 1258 2978 cuncus

118 3020 321 3099 mortalibus,
345 3021 447 3087 obviis
471 3021 557 3086 ulnis
581 3021 815 3105 excipiendum,
838 3040 912 3087 cum
927 3039 1055 3086 summa
1077 3013 1258 3104 gratitudinis
1292 3066 1297 3075 .

118 3125 286 3191 relatione.
332 3127 437 3192 Taceo
461 3148 561 3210 qnam
584 3127 821 3192 benemeritus
845 3126 890 3193 sis
914 3125 954 3191 de
978 3125 1081 3192 latina
1104 3130 1193 3208 gente
1212 3118 1259 3185 tois

118 3231 309 3297 multivariis
332 3232 558 3316 poematibus4
582 3232 756 3298 admodum
780 3237 893 3297 ornate
920 3230 1054 3296 excusis.
1101 3229 1189 3308 Nam,
1203 3243 1259 3311 qua

118 3334 180 3400 ties
213 3343 271 3401 tua
298 3338 426 3403 intueor
457 3338 594 3421 scripta,
623 3338 656 3402 id
681 3339 721 3403 de
744 3344 776 3402 te
796 3337 907 3422 judico
936 3336 1024 3421 quod
1054 3335 1149 3420 longe
1177 3327 1260 3398 erudi·

117 3440 236 3504 tissimi
260 3443 318 3506 viri
341 3465 460 3508 omnes.
506 3445 638 3528 Ignosce
663 3442 749 3527 quod
773 3464 823 3507 me
848 3440 1043 3506 doctissimis
1066 3431 1257 3506 annumerari

118 3544 253 3612 Judicat
276 3553 387 3613 autem
410 3549 524 3614 doctus
555 3548 757 3613 eruditorum
786 3549 946 3613 exercitus
969 3567 1033 3610 non
1066 3543 1257 3610 minueretis

117 3671 216 3737 quam
251 3674 341 3731 vere,
374 3659 406 3719 te
440 3654 625 3720 nniversam
654 3653 861 3719 Germaniam
893 3659 993 3737 atque
1025 3652 1126 3717 etiam
1156 3647 1257 3716 Latium

56 3806 58 3811 -
115 3779 230 3844 graeco,
253 3758 365 3840 latino,
388 3765 422 3825 et
437 3759 590 3825 hebraico
606 3781 763 3840 sermone,
786 3758 891 3826 tribus
915 3757 1048 3824 summis
1064 3756 1194 3843 eloquiis
1206 3748 1257 3817 istis

690 3904 709 3946 dt

190 3999 200 4043 1
217 3992 377 4061 Philippum!
386 3992 635 4045 Melanchtbonem?
656 3981 730 4047 siber
742 3995 832 4047 diesen
846 3993 907 4061 plan
917 3993 1061 4045 Reucblins
1072 3994 1108 4045 ist
1117 3985 1258 4044 sonstniclts

112 4078 239 4133 bekannt.
313 4088 327 4134 2
348 4082 409 4149 Vgl.
429 4083 496 4133 liber
513 4084 558 4133 ibn
578 4084 688 4147 Ili-hard,
705 4085 796 4150 gesoh.
816 4083 862 4133 des
882 4081 1145 4135 wiadsransbldhens
1161 4096 1186 4131 u.
1202 4092 1220 4127 s·
1235 4087 1257 4121 11·

113 4167 158 4218 bd.
183 4169 231 4219 111.
303 4171 388 4221 asin
417 4172 515 4222 ebenso
540 4171 711 4238 begeistertes
737 4171 781 4223 lob
802 4171 945 4222 Rsuchlins
968 4169 1088 4223 schreibt
1112 4170 1218 4220 Stramer
1234 4173 1258 4211 111

113 4254 297 4308 Pirckbeimer
322 4263 335 4306 7
356 4260 422 4310 Nos.
453 4262 534 4323 1517,
554 4261 595 4311 bei
616 4261 738 4326 Ebckiug
761 4261 780 4323 l,
799 4275 820 4309 s.
843 4260 900 4309 155.
974 4248 1101 4310 d'duder
1119 4249 1258 4308 neubela

112 4343 250 4394 oomddieu
271 4346 414 4398 Rcuchlins
434 4348 493 4398 siud
512 4364 561 4399 nur
579 4349 639 4399 sehr
665 4350 766 4414 wenigc
785 4346 839 4399 und
857 4363 924 4414 gana
944 4345 1144 4398 unbedeutends
1162 4342 1260 4411 pensu

113 4430 258 4482 Reuehlius
277 4433 402 4486 bekannt.
