2798 4980
675 318 738 384 123

652 521 747 589 CXV.

109 630 113 637 '
189 630 341 700 Tdbingcn.
1025 641 1056 689 19
1076 639 1150 688 Mttrc
1171 639 1247 691 1510.

279 721 447 796 Joannes
473 721 657 799 Reuchlin
683 723 841 799 Nicolao
869 722 1058 824 Ellenbog
1085 725 1121 802 S.

208 859 413 925 Venerabilis
450 861 556 926 Pater.
613 862 772 929 Memoria
816 868 911 929 teneo
947 863 1115 928 reverendi
1153 863 1282 932 abbatis

119 965 224 1030 nostri
247 970 282 1030 et
307 966 434 1030 ltuum
463 967 651 1032 mandatum
679 989 778 1051 supra
807 968 916 1052 lingua
943 969 999 1034 illa
1029 975 1159 1049 sancta,
1186 992 1283 1055 quam

120 1069 252 1136 Hebraei
283 1081 397 1141 muter.
414 1063 484 1145 unuh
515 1072 682 1158 appellant
710 1073 766 1158 qui
789 1095 840 1138 me
868 1073 1085 1139 hortabamini
1113 1074 1283 1158 diligenter

119 1176 319 1260 perquirere,
343 1179 403 1245 ubi
418 1186 530 1264 posset
544 1178 692 1244 hebraeus
708 1178 879 1263 neophitus
896 1185 928 1243 et
950 1177 982 1242 in
1005 1177 1069 1244 fide
1092 1185 1204 1245 nostra
1226 1180 1284 1244 ini-

120 1283 221 1353 tiatus
250 1283 365 1350 haberi
392 1286 449 1369 qui
477 1283 566 1368 apud
593 1304 648 1348 vos
670 1283 744 1348 istic
767 1283 936 1348 literarum
960 1283 1187 1350 hebraicarum
1209 1307 1283 1370 pro-

119 1375 357 1455 nuntiationem
385 1390 525 1457 duceret.
571 1389 683 1454 Laudo
710 1389 895 1453 institutum
924 1396 1067 1455 vestrum
1102 1395 1136 1455 et
1163 1390 1191 1456 si
1209 1408 1283 1475 ‘par

119 1514 247 1559 mecum
274 1495 364 1560 vobis
397 1505 448 1560 est
475 1496 615 1574 animae,
647 1499 782 1578 urgente
812 1493 967 1573 veritate,
991 1493 1177 1560 confidebor
1205 1501 1282 1562 tuac

122 1598 301 1682 dignationi
324 1606 484 1666 secretum
506 1621 622 1665 meum.

208 1704 367 1783 Quoniam
389 1706 437 1770 ita
459 1727 510 1770 me
534 1706 622 1770 Deus
646 1703 787 1788 optimus
814 1702 972 1767 maximus
995 1709 1097 1782 amet,
1127 1710 1202 1787 post
1230 1727 1283 1770 va·
1356 1707 1374 1759 Τ

120 1809 242 1874 riarum
272 1806 447 1874 lectionum
474 1810 694 1893 experimenta
724 1805 804 1871 nihil
828 1826 867 1870 ex
890 1807 1037 1873 omnibus
1061 1809 1177 1892 linguis
1201 1831 1282 1893 quas

119 1914 217 1978 didici
246 1913 317 1997 plus
344 1935 396 1979 me
427 1915 488 1979 deo
518 1915 683 1998 conjungit
719 1932 816 1996 quam
840 1933 1006 1976 sacrarum
1038 1913 1206 1979 literarum
1228 1915 1283 1980 he-

122 2018 234 2085 braica
258 2015 456 2084 exercitatio.
504 2020 638 2102 Semper
654 2019 739 2083 enim
754 2016 889 2102 legendo
906 2017 1056 2082 hebraice
1073 2019 1184 2084 videor
1204 2019 1282 2084 mihi

119 2124 229 2189 uidere
253 2124 477 2208 deumipsum
500 2124 701 2208 loquentem,
730 2144 802 2188 cum
826 2122 930 2206 cogito
955 2143 1026 2187 eam
1050 2144 1119 2188 esse
1142 2123 1283 2207 linguam

118 2211 184 2313 qua
206 2229 298 2294 Deus
321 2235 354 2294 et
385 2230 491 2313 angeli
519 2229 708 2295 commerita
737 2250 796 2294 sua
826 2229 891 2293 sint
920 2227 1102 2294 hominibus
1131 2229 1282 2315 divinitus

119 2335 282 2418 exequuti.
326 2335 370 2399 Et
398 2336 444 2400 sic
472 2335 607 2400 horrore
639 2317 779 2418 quodam
810 2339 843 2398 et
872 2339 998 2398 terrore
1030 2335 1196 2399 concutior
1218 2355 1283 2400 nou

117 2439 186 2520 sine
211 2438 352 2522 quodam
375 2440 493 2523 gaudio
515 2438 672 2504 ineffabili
699 2439 798 2504 talem
825 2459 930 2503 meam
962 2439 1210 2506 admirationem
1232 2440 1284 2505 vel

118 2549 286 2627 stuporem
308 2545 417 2628 potins
441 2549 596 2628 sequente
620 2544 707 2628 quod
722 2564 795 2608 vere
812 2543 1004 2626 sapientiam
1020 2545 1225 2611 nominavero
1242 2544 1282 2611 de

118 2647 424 2733 quadivinumillud
439 2649 544 2714 fertur
560 2648 723 2732 eloquium
738 2649 902 2714 hebraice:
918 2650 949 2708 ‘n
972 2661 1051 2709 nem
1068 2661 1133 2710 nnn
1150 2651 1283 2712 ornav

116 2755 136 2817 i.
162 2774 206 2818 e.:
229 2754 357 2818 initium
381 2754 560 2838 sapientiae
583 2755 681 2819 timor
703 2753 840 2818 Domini.

208 2858 259 2923 Ad
276 2859 461 2942 votaigitur
472 2865 582 2924 vestra
599 2858 802 2924 commodum
818 2880 852 2924 se
868 2858 987 2925 obtulit
1003 2860 1145 2924 Joannes
1159 2856 1172 2897 ⁸
1186 2878 1280 2942 prae·
1353 2863 1355 2867 '

117 2963 260 3028 sentium
287 2964 455 3030 literarum
484 2971 633 3030 ostensor
662 2964 717 3048 qui
746 2963 859 3029 relicto
883 2963 1050 3030 Judaismo
1073 2963 1116 3028 ad
1139 2968 1283 3030 nostram

116 3066 216 3134 fidem
239 3089 412 3135 conversus
441 3073 489 3137 est
517 3075 551 3133 et
572 3070 606 3132 in
628 3069 740 3153 paucis
764 3070 856 3134 annis
879 3069 1021 3155 lingnam
1044 3074 1189 3135 nostram
1211 3068 1284 3132 lati·

116 3194 194 3238 nam
223 3173 422 3258 posthabitis
450 3173 613 3240 hebraicis
641 3172 815 3258 perdidicit
844 3174 908 3255 ita,
938 3175 1031 3239 utin
1055 3172 1283 3240 bacalaureum

115 3280 239 3344 artium
277 3280 417 3345 evaserit
456 3278 542 3364 quod
580 3286 630 3344 est
670 3279 770 3344 studii
809 3301 873 3345 non
910 3279 1082 3345 mediocris
1120 3279 1282 3344 iudicium.

117 3383 261 3467 Cumque
285 3383 382 3449 vellet
404 3385 551 3449 Rhenum
575 3405 687 3450 uersus
703 3405 848 3468 pergere,
873 3406 971 3451 suasu
987 3407 1058 3452 meo
1075 3385 1283 3451 commutavit

116 3487 272 3568 animum,
287 3477 375 3553 mihi
398 3490 597 3573 obsequens,
621 3495 659 3554 ut
681 3490 723 3554 ad
746 3507 802 3554 vos
831 3489 1015 3555 diverteret.
1061 3491 1202 3557 Maximo
1226 3491 1284 3556 du·

116 3592 203 3658 citur
244 3613 353 3658 amore
382 3593 425 3658 ad
452 3594 713 3680 consequendum
744 3595 971 3661 sacerdotium.
1017 3596 1077 3662 Est
1115 3597 1215 3676 enim,
1246 3603 1284 3660 ut

114 3697 196 3763 mihi
218 3698 353 3778 videtur,
378 3698 512 3764 devotus
535 3710 569 3765 et
591 3699 722 3782 probus,
746 3721 847 3784 quare
871 3700 1051 3767 sciscitanti
1072 3702 1150 3766 mihi
1166 3701 1206 3766 de
1223 3721 1281 3766 suo

113 3803 206 3888 apud
236 3824 294 3868 vos
332 3802 452 3869 salario
490 3804 661 3887 respondit
690 3804 860 3888 pecuniam
891 3826 956 3869 non
985 3813 1116 3888 petere,
1140 3805 1198 3871 sed
1233 3826 1282 3870 re-

114 3906 252 3973 verendi
291 3908 410 3973 domini
442 3908 572 3974 abbatis
609 3911 766 3992 gratiam,
803 3915 841 3973 ut
875 3931 935 3993 per
970 3915 1003 3974 te
1040 3915 1177 3993 tuosque
1212 3915 1283 3974 tan·
1360 3988 1363 3995 ,

112 4012 191 4078 dem
228 4019 474 4096 promoveretur
515 4013 559 4078 ad
597 4014 823 4079 sacerdotium.
884 4014 957 4078 Non
995 4014 1057 4079 crit
1093 4015 1190 4097 igitur
1226 4020 1281 4080 tuo

109 4117 313 4184 monasterio
337 4118 451 4201 gravis.
496 4118 609 4185 Facito
633 4120 751 4185 nutriri
773 4118 935 4185 hominem
959 4125 992 4184 et
1015 4119 1136 4184 erudiri
1157 4119 1199 4184 ad
1214 4142 1280 4185 me-

185 4315 197 4361 1
219 4315 247 4361 et
264 4310 367 4377 ausgel.
391 4311 486 4378 1.ng
506 4312 573 4363 oben
591 4328 647 4362 nro.
667 4252 710 4363 (td.
770 4314 863 4380 aspa
885 4319 908 4364 1.
927 4318 951 4364 7.
1015 4315 1029 4365 3
1048 4312 1177 4384 Joannes]
1198 4314 1284 4367 wahr-

103 4398 261 4460 aoteiulioh
281 4399 344 4456 oon.
362 4400 438 4466 Ktin3
456 4416 477 4455 s.
497 4416 529 4456 aa
549 4399 684 4472 Ellenbog
703 4415 724 4453 a.
746 4405 777 4457 13
801 4417 824 4452 a.
844 4405 869 4455 3.
