2798 4980
676 332 722 401 20

113 527 241 590 tantam
263 521 511 589 aestimationem
533 521 681 606 accipiet.
727 522 802 589 Alia
824 523 902 589 item
927 522 1072 608 ejusdem
1091 524 1211 610 eapitis
1232 524 1289 592 lex

113 628 174 695 ait:
204 630 277 696 Divi
301 629 438 695 Severus
462 633 496 693 et
511 627 692 693 Antoninus
714 629 953 713 rescripserunt
969 650 1024 695 eos
1047 630 1103 715 qui
1126 631 1159 695 in
1181 635 1289 696 testa-

114 741 223 801 mento
258 740 371 800 vetant
401 733 481 818 quid
512 733 648 799 alienari
679 755 739 800 nec
772 755 903 799 causam
935 734 1119 818 exprimunt
1148 742 1290 821 propter

114 861 211 926 quam
230 841 273 905 id
301 838 372 906 fieri
402 839 504 904 nolint
535 839 598 904 nisi
628 838 813 906 inveniatur
844 860 985 924 persona
1017 841 1108 924 cujus
1130 847 1289 925 respectu

113 946 174 1012 hoc
197 967 218 1010 a
239 950 398 1011 testatore
421 945 563 1028 positum
587 950 637 1009 est
660 945 779 1011 nullius
803 967 874 1011 esse
905 946 1060 1011 momenti
1088 946 1288 1030 scripturam

113 1052 208 1137 quasi
230 1051 350 1116 nudum
374 1056 517 1134 praecept
519 1071 572 1115 um
602 1049 795 1135 reliquerint
781 1051 868 1117 tvel
892 1050 969 1135 quia
996 1050 1096 1115 talem
1123 1051 1261 1135 legem
1250 1071 1289 1116 ιιι

114 1162 311 1223 testamento
335 1176 398 1220 non
419 1160 555 1238 possunt
540 1155 697 1221 tdicere.

204 1261 337 1326 Certum
366 1267 417 1325 est
444 1260 569 1345 itaque,
600 1261 644 1334 nri
671 1260 808 1341 Jacobe,
837 1282 943 1347 neque
972 1261 1141 1346 qualitatis
1169 1280 1290 1344 graecae

115 1367 232 1451 linguae
255 1365 489 1431 Praedicatores
522 1365 680 1430 hactenus
709 1386 846 1449 capaces
870 1388 974 1451 neque
997 1367 1176 1450 Legatariis
1204 1366 1290 1450 ipsis

115 1473 175 1538 tali
198 1472 312 1536 relicto
336 1470 429 1536 valde
453 1470 636 1536 consultum
658 1470 768 1536 fuisse.
806 1470 870 1537 Sed
895 1472 995 1537 doceo
1018 1494 1073 1537 sus
1094 1472 1289 1538 Minervam.

115 1578 159 1643 Et
179 1576 252 1643 finis
282 1576 412 1641 tandem
441 1575 484 1640 sit
507 1576 666 1658 epistolae,
696 1577 724 1640 si
751 1576 841 1659 prius
869 1583 902 1642 te
926 1598 1166 1655 commonuero,
1201 1575 1288 1645 nihil

115 1683 152 1749 R.
176 1684 210 1748 P.
233 1683 416 1759 literarum,
444 1680 523 1745 nihil
547 1681 650 1747 doctis
674 1681 822 1746 omnibus
845 1688 913 1746 tam
937 1683 1149 1766 perniciosum
1183 1701 1288 1765 quam

114 1794 248 1854 cunctos
272 1788 430 1853 bonarum
453 1807 564 1850 rerum
587 1785 687 1851 libros
711 1807 775 1851 una
791 1786 994 1852 Bibliotheca
1013 1787 1094 1852 velle
1110 1785 1287 1852 recludere

113 1894 164 1958 vel
194 1915 258 1958 non
286 1893 393 1976 potius
421 1890 517 1954 malle
546 1890 749 1957 omnifariam
777 1912 848 1957 esse
872 1892 1073 1958 distributos
1119 1893 1215 1957 Teste
1241 1893 1290 1957 sit

113 1998 296 2063 incendium
328 1995 581 2061 Alexandrinum
605 2017 668 2079 quo
696 2017 760 2062 uno
783 1997 825 2062 ad
848 1998 938 2062 milia
960 1998 1061 2063 ferme
1086 1995 1289 2069 voluminum

115 2104 320 2187 septingenta
345 2099 379 2185 (o
403 2101 515 2183 ingens
539 2100 722 2184 calamitas)
746 2109 780 2168 et
802 2103 934 2169 incensa
957 2109 991 2168 et
1010 2109 1126 2168 exusta
1141 2101 1288 2167 fuerunt.

116 2209 194 2287 Quae
226 2209 253 2272 si
283 2206 421 2272 luissent
453 2226 568 2289 sparsa
597 2206 683 2270 inter
716 2207 829 2273 doctos
861 2212 1032 2292 quantum,
1064 2207 1146 2290 proh
1176 2206 1290 2288 deum,

114 2313 212 2379 fidem
236 2318 334 2397 atque
357 2311 521 2376 hominum
549 2332 633 2376 nunc
663 2313 830 2395 sapientiae
861 2312 1049 2378 thesaurum
1077 2311 1289 2378 haberemus.

117 2420 161 2484 Te
186 2418 280 2483 velim
304 2424 457 2482 accurate
481 2417 602 2499 cogites
624 2417 743 2482 iterum
766 2424 866 2502 atque
889 2417 1017 2497 iterum,
1041 2417 1068 2482 si
1090 2417 1188 2482 istum
1204 2416 1291 2482 mihi

115 2523 258 2589 libellum
282 2524 355 2588 novi
380 2522 579 2586 Testamenti
602 2544 661 2605 per
684 2523 919 2588 Praedicatores
944 2522 1086 2602 dederiS,
1109 2521 1144 2586 id
1167 2527 1234 2602 est,
1258 2523 1290 2586 si

115 2629 156 2696 iis
179 2628 305 2694 daturis
329 2628 483 2693 auxilium
505 2627 649 2693 favorem
666 2649 857 2695 consensum
873 2627 1064 2713 praestiteris
1080 2626 1130 2692 vel
1150 2647 1291 2711 regnum
1331 2687 1337 2694 .

115 2736 193 2800 mihi
217 2733 348 2818 aliquod
372 2733 422 2798 vel
445 2733 654 2799 semimortuo
680 2734 724 2798 vit
725 2756 778 2798 arn
802 2734 939 2808 dedisse.
980 2733 1074 2813 Quod
1097 2733 1159 2798 erit
1173 2754 1293 2799 monu-

116 2847 204 2906 ment
207 2863 258 2906 um
283 2840 371 2924 apud
394 2860 444 2904 me
475 2839 603 2905 bonitat
553 2839 631 2904 tais
655 2846 720 2904 tuae
744 2841 989 2923 sempiternum.
1034 2839 1131 2903 Mitto
1161 2836 1205 2901 ad
1229 2859 1292 2904 vos

115 2948 196 3012 duos
219 2946 376 3012 libellos¹
400 2966 537 3029 quorum
560 2945 733 3034 alterum
724 2967 757 3009 ιιι
782 2952 874 3010 tuum
906 2945 954 3010 alt
940 2950 1047 3010 terum
1079 2942 1113 3007 in
1144 2942 1292 3009 hominis

117 3053 202 3118 doet
179 3053 294 3118 t1ssimi
317 3053 400 3116 Doct
387 3051 467 3117 toris
490 3028 650 3134 Lapidani
672 3050 684 3088 ²
708 3050 862 3116 bonorem
891 3050 932 3114 de
961 3070 1065 3133 graeco
1092 3049 1125 3112 in
1147 3046 1291 3114 latinum

117 3157 247 3224 traduxi
263 3157 350 3241 quod
361 3154 500 3247 officium
516 3177 621 3220 meum
632 3155 660 3221 ai
672 3155 763 3222 vobis
774 3156 935 3240 placuisse
948 3176 1136 3239 cognovero,
1147 3153 1293 3238 posthac

119 3265 188 3329 Deo
212 3263 387 3346 adjuvante
411 3261 506 3344 plura
529 3260 624 3326 dabo.
664 3261 762 3326 Vale:
793 3263 843 3326 Ex
867 3261 1163 3352 StutgardiaAnno
1192 3263 1293 3324 1488.

210 3372 281 3439 abl.
293 3374 322 3431 in
334 3370 370 3429 40
381 3371 533 3431 haudsohr.
548 3372 578 3430 in
589 3372 653 3431 dem
665 3372 861 3432 sammelband
872 3372 924 3431 der
932 3371 1035 3430 Basler
1046 3371 1115 3431 bibl.
1127 3371 1162 3430 Ε.
1173 3369 1226 3430 ΙΠ.
1239 3371 1293 3430 15.

539 3587 541 3590 ,
662 3522 747 3589 Xll.
1211 3549 1213 3552 ι

192 3609 279 3662 13.asel
1033 3613 1064 3659 31
1087 3608 1156 3675 Aug.
1178 3609 1256 3658 1488.

99 3739 101 3743 >
119 3699 160 3775 F.
178 3701 206 3775 J
207 3700 345 3776 acobus
362 3698 546 3826 Sprenger
561 3697 574 3736 ³
592 3652 837 3774 Prouincialis
851 3697 990 3774 ordinis
1002 3696 1296 3801 praedicatorum

576 3847 626 3895 an
644 3821 839 3920 Reuchlin,

16 4069 18 4073 .
120 3970 317 4037 iibersendet
350 3972 386 4036 n.
424 3969 477 4034 die
515 3968 560 4032 im
598 3967 727 4051 vorigen
761 3969 864 4036 briefe
902 3967 984 4057 (nro.
1019 3969 1101 4052 XV.)
1136 3966 1297 4047 erbetene

57 4146 60 4151 ,
121 4076 338 4156 hundschrist,
374 4076 416 4141 da
450 4097 486 4141 er
516 4074 618 4139 liebcr
649 4074 772 4154 dieser,
807 4076 855 4141 als
887 4075 946 4140 der
976 4073 1201 4140 freundschaft
1238 4072 1298 4142 R’s

695 4195 710 4228 a

197 4272 205 4316 1
230 4268 296 4317 duos
315 4267 430 4335 libellos]
450 4267 563 4317 retiirlieh
586 4266 730 4316 die-'oratio
745 4268 831 4318 l'rocli
847 4270 962 4334 episcopi
979 4269 1132 4352 Cyzicensis
1151 4286 1171 4318 a.
1193 4283 1219 4317 o.
1241 4268 1300 4318 und

123 4356 165 4406 dic
179 4357 262 4405 oratio
282 4356 356 4420 'lycii
372 4357 479 4406 blaxinii
494 4356 635 4405 Platonici.
691 4360 705 4404 2
725 4355 786 4405 Joli.
802 4373 816 4406 a
830 4358 930 4422 Lepide
951 4375 978 4406 s.
993 4373 1017 4405 u.
1073 4359 1087 4406 3
1101 4355 1173 4405 Uber
1191 4353 1220 4404 J.
1242 4357 1299 4421 Sp,

123 4445 171 4496 den
193 4448 256 4496 veri.
280 4445 325 4495 des
337 4446 592 4509 Ι,,1ιιιιι·ιιΙιιιιιιιιιιιιι
610 4446 662 4512 vgl.
682 4445 796 4507 Erhard,
817 4447 861 4496 SS.
883 4445 944 4495 Ord.
964 4444 1046 4496 Praed.
1065 4444 1085 4495 l.
1106 4444 1150 4494 fol.
1172 4444 1243 4494 88οδ
1256 4460 1299 4511 sq.
