2798 4980
669 346 732 411 129

99 537 224 602 iiensis
251 538 261 576 ¹
290 535 378 620 quid>
396 540 504 601 actum
528 535 585 615 sit,
608 535 691 601 scire
714 533 818 602 velim.
865 535 909 600 Et
930 535 964 600 in
987 537 1075 603 calce
1103 536 1138 603 id
1161 542 1195 604 te
1218 557 1285 617 oro,

97 642 201 726 quod
234 643 298 706 erit
320 641 398 706 mihi
430 640 725 720 accuratissimum,
760 647 798 706 ut
818 638 894 705 huic
918 639 1001 725 Cyro
1033 641 1141 707 ducali
1171 641 1286 726 angelo

94 754 204 812 tuam
228 745 386 830 apocham
409 746 476 810 sive
503 747 719 830 quietantiam
742 745 946 811 commendes
962 745 1002 812 de
1018 747 1125 812 aureis
1140 746 1292 813 videlicet

95 852 265 917 ducentis
302 873 361 935 pro
404 851 602 933 sexingeutis
635 851 852 917 voluminibus
866 851 895 929 ²,
941 872 1011 935 quae
1047 858 1123 936 post
1154 857 1290 936 accepta

94 958 201 1042 apud
226 956 401 1022 sororem³
435 957 469 1022 in
492 957 617 1022 Phorco
650 963 707 1024 tuo
734 957 862 1022 nomine
889 957 1037 1040 deposui.¹
1082 959 1145 1025 Eos
1169 978 1288 1024 aureos

94 1062 330 1128 nummulario
367 1061 494 1128 cuidam
525 1063 559 1126 in
592 1062 678 1128 diem
717 1063 838 1128 addixi.
892 1063 1000 1141 Quare
1029 1069 1147 1146 praesto
1180 1064 1224 1129 sis
1255 1068 1290 1128 et

95 1169 151 1234 ad
183 1189 316 1235 manum
346 1154 484 1233 futurus.
531 1167 676 1233 Salutem
717 1167 783 1247 dic,
808 1166 958 1248 obsecro,
977 1169 1070 1253 jussu
1097 1189 1168 1235 meo
1197 1168 1291 1234 uxori

96 1275 291 1358 liberisque
320 1275 383 1338 tuis
415 1280 447 1339 et
470 1273 637 1353 omnibus,
670 1275 725 1358 qui
756 1281 788 1339 te
823 1294 939 1357 meque
969 1259 1091 1339 amant.
1137 1273 1290 1339 Feliciter

99 1380 194 1444 vale.
243 1380 292 1443 Ex
316 1377 505 1462 Stutgardia
531 1384 570 1443 12
595 1379 757 1445 Kalendas
781 1379 976 1445 Decembres
1001 1400 1085 1444 anno
1112 1383 1205 1443 1510.

598 1483 648 1549 Jo.
678 1485 847 1564 Reuchlin,
870 1484 1062 1549 Phorcensis
1085 1482 1149 1549 LL.
1174 1482 1245 1548 doc.

202 1627 281 1688 Ans:
305 1626 407 1686 Basler
426 1580 684 1685 universitatsbibl.
701 1627 857 1686 bandschr.
887 1625 913 1684 G
932 1627 961 1685 Π
986 1629 1044 1685 13a
1064 1643 1127 1685 uro.
1146 1629 1185 1685 63
1208 1631 1289 1686 auto·

105 1731 217 1806 graph.

631 1874 771 1941 CXXIV.

187 1983 330 2046 Stuttgurt.
1057 1983 1068 2029 1
1089 1979 1154 2029 Dec.
1177 1981 1255 2029 1510.

113 2116 296 2216 Magistro
327 2116 353 2191 J
355 2115 468 2189 oanni
492 2114 771 2190 Amorbacchio
801 2115 874 2190 civi
901 2127 936 2189 et
962 2115 1170 2217 impressori
1188 2114 1293 2190 Basi-

165 2240 276 2314 liensi
299 2240 417 2314 amico
441 2265 507 2313 suo
532 2239 722 2340 praecipuo
747 2237 788 2342 [J
789 2265 821 2312 o.
848 2237 1045 2342 Reuchlin]
1065 2238 1102 2315 S.
1124 2240 1168 2313 D.
1189 2240 1235 2314 P.

202 2417 253 2482 Ex
275 2416 379 2482 literis
403 2417 497 2482 tuis⁴
520 2416 598 2481 mihi
617 2416 858 2502 jocundissimis
882 2413 1004 2502 (omnia
1027 2417 1112 2483 enim
1128 2423 1185 2483 tua
1210 2417 1289 2482 mihi

114 2543 243 2587 amoena
260 2519 429 2606 ridentur)
452 2521 563 2604 accepi
586 2527 619 2586 te
643 2542 777 2606 cupere,
809 2528 845 2587 ut
872 2521 975 2587 frater
1002 2520 1145 2588 Joannes
1169 2520 1287 2588 Cono⁶

115 2647 219 2712 graece
250 2625 424 2692 admodum
460 2625 574 2691 doctus
605 2633 639 2692 et
667 2627 768 2692 latine
796 2626 883 2710 apud
912 2648 969 2694 ros
999 2627 1136 2694 Basileae
1166 2627 1295 2693 futurus

114 2738 202 2798 essct
235 2732 269 2796 in
302 2731 408 2796 oneris
441 2730 492 2795 tui
525 2729 742 2798 sublevamen.
790 2731 861 2809 Qua
891 2731 925 2796 in
960 2752 994 2797 re
1032 2754 1158 2799 mecum
1182 2733 1292 2798 scutis.

115 2837 224 2916 Quare
257 2842 290 2901 et
318 2835 465 2902 laboravi
496 2842 529 2901 et
561 2835 734 2916 laborabo,
764 2843 802 2902 ut
828 2836 895 2901 illic
918 2842 1079 2918 moretur,
1113 2832 1201 2922 quod
1224 2837 1293 2921 ipse

112 2943 175 3008 tibi
199 2947 347 3024 exponet.
394 2941 441 3006 De
465 2940 591 3007 caeteris
614 2941 711 3007 credo
735 2947 767 3006 te
790 2962 849 3025 per
865 2941 985 3026 Cyrum
1012 2962 1083 3007 esse
1110 2941 1292 3007 certiorem.

114 3049 279 3131 Essetque
322 3046 356 3111 in
388 3067 457 3112 rem
496 3052 587 3112 tuam
618 3047 783 3126 futurum,
823 3053 860 3111 ut
900 3046 1048 3112 ordinem
1078 3046 1235 3113 librorum
1269 3068 1294 3112 s.

115 3151 316 3238 Hieronymi,
331 3173 395 3236 quo
410 3151 516 3236 ipsum
533 3152 749 3236 impressurus
766 3173 810 3233 es,
826 3153 869 3218 ad
884 3173 936 3218 me
946 3152 1103 3234 mitteres,
1113 3173 1154 3218 ne
1170 3152 1294 3218 frustra

700 3297 717 3335 u

115 3387 204 3438 dieses
224 3385 321 3436 briefcs
341 3387 485 3437 bastanden
504 3387 590 3449 hatte,
618 3386 720 3438 damals
746 3389 809 3438 abor
832 3386 969 3440 vielleicht
995 3388 1077 3440 durch
1105 3389 1182 3440 einen
1208 3404 1294 3442 neuen

116 3483 224 3540 vertrag
242 3474 361 3540 ger-egelt
380 3475 475 3526 worda.
513 3474 695 3542 (Mittheilung
714 3492 767 3526 von
785 3478 852 3542 prof.
874 3477 914 3528 W.
932 3476 1047 3529 Vischsr
1066 3478 1093 3527 in
1114 3477 1214 3542 Basel.)

194 3568 204 3612 1
225 3563 286 3614 doh.
307 3562 403 3630 Sedet]
423 3563 544 3613 Gemeint
566 3564 601 3613 ist
619 3564 680 3614 Joh.
701 3564 817 3628 Froben,
843 3582 872 3616 so
892 3574 1010 3631 genaunt
1034 3566 1104 3617 nach
1128 3565 1186 3617 dem
1205 3565 1293 3616 house

117 3667 179 3701 zum
199 3651 288 3701 Sessel
316 3653 343 3700 in
364 3650 455 3712 basol,
468 3650 536 3721 Ι111111,
560 3668 629 3701 awar
653 3652 754 3702 damals
773 3653 843 3703 noch
865 3654 901 3702 im
924 3653 1024 3705 besitzo
1048 3670 1098 3704 von
1117 3653 1177 3704 Joh.
1199 3658 1289 3704 Amer-

116 3740 196 3801 buch,
216 3739 284 3788 nach
302 3739 396 3788 desscu
417 3739 476 3788 todo
496 3755 547 3789 von
568 3739 669 3790 Froben
690 3740 875 3790 iibernomnren
896 3742 991 3793 wurde.
1031 3743 1123 3791 Dioscr
1145 3740 1296 3790 heirarhete

121 3831 191 3878 1510
212 3829 285 3877 seine
303 3828 397 3877 novena
416 3828 488 3888 frou,
513 3828 555 3878 die
576 3829 686 3878 Gortrud
706 3829 825 3880 Lachuer
845 3830 914 3895 (sein
939 3831 1007 3880 sohn
1033 3831 1210 3893 Hieronymus
1229 3842 1292 3878 war

120 3917 206 3966 sehon
229 3919 292 3967 1501
314 3916 452 3981 geboren),
479 3919 527 3966 avie
551 3932 598 3966 eus
622 3917 667 3967 der
691 3918 793 3982 angsbe
819 3918 864 3967 des
890 3917 958 3968 liber
981 3917 1180 3968 bencfactorum
1203 3931 1236 3965 zu
1255 3931 1294 3965 er·

120 4006 204 4057 sehon
224 4004 267 4065 ist,
285 4004 345 4055 dass
368 4006 407 4055 l'r.
432 4012 440 4055 1
463 4004 561 4070 guidon
585 4007 627 4054 1111
652 4006 710 4055 eine
734 4006 826 4056 Pitana
850 4007 968 4072 gestiitct
989 4006 1057 4055 habe
1081 4003 1201 4069 „quando
1225 4003 1292 4054 ccle-

119 4093 211 4145 bravio
234 4094 344 4159 nupcias
367 4108 435 4142 anno
459 4095 552 4144 1510.“
596 4094 704 4145 Danach
731 4095 765 4144 ist
785 4093 955 4159 Stoclrmeyer
979 4093 1032 4143 und
1054 4091 1151 4142 Reber:
1176 4091 1296 4159 beitrltgo

118 4195 169 4232 zur
190 4178 283 4230 Basler
305 4179 644 4246 huchdruchergeschichta
667 4198 687 4230 s.
712 4183 745 4230 86
766 4197 797 4230 zu
820 4181 992 4246 berichtigcn.
1030 4178 1214 4246 (Mittheilung
1239 4196 1293 4232 von

119 4269 189 4336 prol.
210 4270 252 4319 W.
276 4271 384 4319 Viacher
407 4270 434 4344 in
454 4269 551 4335 Bassi.)
626 4274 641 4318 2
662 4270 722 4320 Sex.
747 4268 854 4336 volum]
879 4269 932 4319 Der
955 4268 1058 4318 Rudirn.
1078 4266 1151 4318 hebr.
1171 4284 1192 4319 s.
1211 4285 1235 4319 ο.
1256 4271 1288 4319 16

118 4360 196 4409 111111
221 4361 286 4408 1510
306 4373 362 4408 nro.
383 4356 475 4408 cx1V.
532 4359 546 4406 3
568 4355 705 4408 Elisabeth
726 4358 822 4409 Reuter
839 4371 859 4406 a.
879 4355 979 4422 Lamcy
999 4372 1021 4407 a.
1035 4373 1057 4407 a.
1078 4371 1105 4406 o.
1119 4372 1146 4406 s.
1161 4359 1193 4407 70
1214 4372 1238 4406 u.
1253 4359 1295 4406 93.

118 4451 136 4498 4
157 4445 323 4496 Amerbachs
341 4444 412 4496 brief
426 4446 462 4496 ist
479 4444 551 4496 nicht
570 4445 696 4496 1111111111.
734 4448 749 4494 5
770 4444 851 4513 Cone]
867 4461 920 4495 so.
932 4447 1002 4512 Sept.
1020 4449 1095 4505 1400,
1116 4443 1296 4497 n1·o·l.llVll.

145 4544 288 4588 Beuchliu
1066 4520 1083 4580 9
