2798 4980
701 365 766 432 358

143 587 195 634 ms
217 564 407 631 commenda
430 581 502 627 oum
526 558 674 626 omuibus
700 558 802 624 uostn'
830 554 1015 624 amantibus
1034 558 1055 622 ¹.
1095 556 1316 643 stuttgardis,

145 671 250 758 pridie
275 668 321 735 ld.
347 665 561 753 Septembris,
585 686 669 730 auno
696 668 790 729 1519.

556 768 630 836 doh.
654 767 823 845 Bouchlin‚
847 767 1039 834 Phorcensis
1062 767 1126 832 LL.
1150 767 1275 835 doctor.

235 881 421 945 llsndsclrriti
460 880 510 939 des
533 880 644 940 Berner
668 878 873 938 mmtsarchirs
894 877 1033 950 Epistola
1056 878 1145 936 samse
1166 877 1254 940 XVII
1269 876 1314 940 iol.

150 994 190 1052 sn
217 989 257 1066 r..

636 1126 832 1195 cccxxxs.

214 1216 357 1288 &notgero
878 1246 883 1256 -
1061 1216 1090 1263 12
1112 1213 1185 1281 sept.
1208 1216 1284 1265 1519.

149 1324 312 1424 Georgio
327 1322 521 1424 Spalatino
542 1321 790 1396 literatissimo
810 1319 889 1392 viro
908 1318 1028 1392 amico
1046 1344 1112 1392 suo
1129 1318 1314 1422 praecipuo

568 1444 607 1546 [J
609 1445 669 1518 oh.
690 1439 900 1542 Reuchlin].

237 1612 267 1677 S.
292 1611 322 1676 d.
347 1632 375 1696 p.
423 1607 596 1689 obsideor,
628 1606 810 1692 Spoletina,
840 1625 904 1670 non
932 1611 1061 1670 tantum
1089 1604 1133 1670 ab
1162 1605 1315 1685 hostibus,

148 1737 260 1784 rarum
290 1715 387 1780 etiam
419 1735 438 1778 a
462 1714 584 1780 ciuibus
615 1711 810 1799 quibusdam
834 1711 954 1776 nostris
978 1709 1097 1796 quibus
1120 1711 1227 1776 omnis
1249 1731 1316 1776 con·

149 1841 241 1888 cessa
272 1827 322 1886 est
352 1819 493 1886 licentis.
539 1821 581 1884 Et
611 1838 796 1904 quanquam
828 1816 889 1881 boc
917 1814 995 1880 belli
1026 1824 1174 1899 tempore
1206 1818 1315 1903 unicus

149 1946 220 1992 sum
243 1925 349 1992 locum
373 1925 497 1990 tenenti
521 1925 647 1989 uinctus
670 1922 851 1989 consularis
876 1920 1030 2006 quoniam
1046 1919 1102 1985 alii
1122 1940 1187 1985 non
1212 1928 1288 1987 suut
1296 1921 1314 2001 ²,

150 2037 260 2098 tamen
289 2051 364 2115 ergo
390 2029 403 2069 ⁸
432 2050 483 2095 mo
513 2036 643 2113 oportet
671 2027 884 2093 oculatiorem
915 2047 986 2091 esse
1009 2046 1047 2090 ac
1070 2026 1244 2093 levissimis
1266 2026 1315 2091 ho-

149 2135 292 2202 miuibus
323 2136 502 2202 connivere.
549 2134 660 2219 Nuper
692 2133 773 2217 elegi
805 2154 844 2197 ex
875 2130 993 2196 libellis
1024 2132 1104 2196 meis
1136 2132 1315 2198 rarissimos

151 2261 232 2327 quos
255 2239 297 2306 ad
321 2260 466 2305 sororem
487 2241 500 2278 ⁴
525 2239 637 2305 deuehi
663 2238 834 2304 voluissem
858 2258 979 2322 graecm
1002 2244 1036 2304 et
1058 2236 1217 2316 hebreos,
1240 2257 1315 2323 quos

148 2345 312 2410 transmisi
351 2344 528 2410 autoritate
568 2343 816 2410 locumtenentis
854 2343 1047 2428 interposita
1085 2364 1158 2409 cum
1201 2344 1314 2408 securi-

149 2455 218 2515 tate
241 2447 382 2534 sigillata
410 2447 502 2514 ducis
533 2451 635 2516 nostri
660 2458 693 2515 et
716 2448 954 2532 subscriptione
978 2447 1131 2533 prefecti.
1180 2447 1245 2513 Sed
1268 2469 1315 2513 ue·

149 2544 285 2620 bulones
316 2555 470 2633 civitatis,
506 2554 651 2620 homines
685 2554 821 2620 banausi
854 2554 1045 2638 quadrigam
1076 2553 1214 2619 eandem
1248 2575 1314 2619 cum

149 2658 242 2726 libris
265 2659 465 2726 reduxerunt
488 2681 559 2726 cum
583 2681 700 2744 magno
724 2660 878 2738 tumultu,
906 2667 943 2724 ut
965 2680 1024 2724 neo
1048 2660 1217 2743 majoritas
1240 2680 1314 2724 ausa

149 2764 287 2831 fuerat⁵
310 2766 471 2831 resistere.
519 2766 622 2849 igitur
651 2764 874 2850 expectandus
907 2772 956 2829 est
979 2765 1158 2831 Mavortius
1181 2765 1263 2850 ignis
1285 2771 1315 2830 et

150 2870 440 2937 commiserandum
464 2878 515 2937 tot
537 2873 620 2936 raris
645 2878 678 2935 et
700 2872 818 2955 ignotis
841 2870 933 2937 libris
957 2869 1075 2956 quibus
1098 2868 1252 2936 bellicum
1274 2871 1313 2934 in·

150 2975 299 3042 caudium
322 2976 467 3041 imminet
487 2976 509 3037 ⁰.
550 2976 620 3041 Non
645 2977 723 3043 mihi
747 2979 831 3043 tanti
854 2977 953 3042 suerit
976 2981 1149 3061 expectare
1172 2982 1314 3045 mortem.

240 3081 351 3148 Scribe
379 3082 479 3167 igitur
507 3082 726 3149 illustrissimo
759 3084 887 3151 domiuo
916 3089 1026 3148 nostro
1051 3081 1214 3148 Saxonum
1245 3081 1314 3148 duci

151 3186 317 3256 Friderico
338 3189 514 3255 autoritate
539 3210 611 3255 mea
629 3191 650 3268 ⁷,
673 3197 711 3255 ut
734 3191 931 3257 misereatur
950 3187 1090 3272 junioris
1114 3187 1205 3253 ducis
1229 3187 1315 3254 Chri·

151 3291 297 3376 stophori
325 3296 452 3377 cognati
480 3295 547 3374 sui,
581 3296 775 3361 misereatur
802 3293 913 3381 populi
936 3291 1232 3376 Winteubsrgeusis
1263 3293 1314 3378 qui

725 3433 742 3470 ’l‘

151 3508 301 3577 abgonsigt‚
327 3511 371 3562 dar
395 3530 422 3563 er
445 3519 532 3579 apator
559 3513 678 3565 zismlich
697 3513 798 3565 schroff
813 3519 1002 3581 entgegentrat.
1039 3512 1100 3580 Vgt
1119 3514 1235 3565 Huttens
1253 3514 1317 3567 brist

152 3597 218 3648 oben
241 3613 297 3649 nro.
311 3598 446 3651 ccxc1x.
476 3601 680 3653 Gersdedarnm
696 3603 730 3652 ist
743 3602 826 3653 dieser
843 3599 912 3668 grull
924 3600 1314 3654 besoudersbemsrluenswerth.

226 3690 236 3735 1
259 3684 384 3738 Bedentet
410 3689 555 3739 uatilrlich:
584 3686 667 3758 grilsse
697 3686 837 3740 auderdoru
860 3689 944 3740 maine
968 3689 1088 3756 dortigen
1115 3690 1237 3749 ineundo.
1264 3691 1315 3741 und

150 3774 237 3827 nicht:
270 3775 353 3826 mains
378 3776 496 3843 hiesigon
523 3777 631 3828 freunds
659 3777 744 3827 lassen
773 3775 874 3827 Luther
907 3772 1016 3842 griideu,
1090 3782 1105 3825 2
1132 3777 1182 3828 Dis
1206 3779 1314 3829 anderen

150 3878 237 3914 namn
262 3863 478 3917 wahrsclrsinlieh
502 3865 629 3931 godohen.
669 3866 731 3914 Man
758 3863 811 3930 vgl.
835 3863 875 3914 die
898 3863 1025 3914 Rsnohlin
1044 3881 1065 3914 s.
1086 3867 1138 3915 460
1156 3880 1181 3915 a.
1202 3871 1216 3916 2
1241 3883 1315 3932 augs-

149 3949 255 4001 l'llhrten
275 3952 376 4003 stellsn.
448 3950 524 4004 sats
544 3948 616 4019 drgo.
656 3954 711 4002 Ans
730 3953 814 4003 einem
833 3951 1051 4018 ursprdngliclren
1070 3951 1210 4005 dsschaiut
1228 3953 1255 4003 in
1272 3954 1315 4004 der

149 4035 315 4090 handschriit
333 4041 375 4091 ein
395 4058 409 4091 u
427 4041 549 4108 gemacht
566 4040 672 4092 worden
696 4058 728 4091 zu
755 4042 819 4092 sein.
893 4040 959 4089 41n
978 4039 1139 4102 proraiam,
1165 4039 1208 4091 dio
1231 4057 1314 4107 gross-

149 4130 246 4175 mutter
269 4126 479 4178 Melanchtlrons.
522 4128 576 4179 Fur
604 4129 691 4181 diesen
717 4128 950 4194 hiichortransport
974 4126 1026 4194 agl
1053 4126 1122 4177 such
1147 4128 1238 4194 rorigo
1261 4142 1315 4177 uro.

150 4211 166 4258 5
193 4211 228 4261 so
254 4211 295 4263 die
320 4214 492 4267 handschrist.
531 4216 572 4267 Ob
598 4216 642 4267 der
667 4216 833 4268 absclrreibar
858 4216 928 4267 disse
952 4215 1034 4265 lehlor
1052 4214 1233 4278 uersehuldet,
1257 4213 1316 4265 odor

149 4296 277 4347 Rouchlin
297 4300 324 4349 in
343 4303 427 4354 soiner
445 4303 493 4354 sile
512 4304 565 4354 und
584 4307 732 4372 aufregung
750 4303 793 4354 dis
811 4304 899 4372 regeln
918 4302 963 4353 der
975 4302 1149 4355 lateinisches
1160 4301 1315 4369 grammatik

149 4384 358 4455 vmnaohlttssigt
378 4389 432 4453 hat,
451 4391 535 4442 hlaibe
554 4392 748 4459 dahiugostellt.
805 4397 820 4444 6
839 4393 888 4444 Dis
906 4388 1075 4441 handschrift
1093 4390 1152 4442 hat:
1171 4389 1314 4442 immineat.

150 4477 163 4523 7
183 4470 233 4524 Dis
252 4473 416 4528 handsehrift
434 4477 480 4528 list
498 4480 597 4531 datore
616 4496 679 4532 moe.
