2580 4178
63 79 189 165 giaeque
209 76 382 162 magistros
400 76 524 143 instare
544 77 623 145 velis
639 83 808 162 oportune,
822 79 1008 165 importune
1027 81 1048 162 ¹,
1073 86 1241 166 quatenus·

64 183 104 251 de
136 182 296 268 singulari
324 183 467 268 quadam
501 181 704 249 humanitate
735 188 769 249 et
797 184 831 249 in
863 184 1006 252 favorem
1042 185 1234 269 evangelicae

65 289 247 369 charitatis,
270 287 312 353 ad
336 308 435 372 quam
463 292 612 354 tenemur
635 309 762 368 omnes,
787 289 959 373 dignentur
982 311 1058 357 suas
1081 290 1234 356 informa·

64 395 171 461 tiones
192 394 325 459 mittere
348 392 430 458 meis
453 393 613 477 expensis,
637 393 721 458 sicut
744 399 778 458 et
805 394 886 460 istas
917 417 1045 481 quoque
1076 416 1234 479 expensae

64 500 174 580 etiam,
197 519 262 565 non
284 498 421 582 petitas,
444 504 534 563 vesto
562 499 678 564 nuncio
705 498 886 565 liberaliter
914 501 1063 583 persolvi.
1111 500 1233 579 Quibus

62 603 347 672 informationibus
370 602 585 684 contineatur,
609 603 750 689 qualiter
774 625 846 668 cum
869 603 989 671 honore
1011 628 1082 673 meo
1099 613 1132 672 et
1148 606 1234 672 bona

17 791 20 795 Ι
62 710 151 776 fama
174 711 257 776 citra
279 711 500 795 cujuscunque
530 709 668 776 hominis
692 709 880 793 despectum
904 716 962 775 aut
984 712 1135 796 injuriam
1156 711 1234 777 fide-

62 815 138 881 liter
161 821 196 882 et
225 815 367 881 dilucide
396 835 512 898 puram
537 821 570 881 et
592 835 716 880 meram
750 815 921 880 veritatem
952 816 1095 883 ecclesiae
1124 817 1234 884 catho-

61 921 131 987 lioae
155 920 298 987 decretis
320 925 420 1005 atque
442 919 620 986 canonibus
636 919 806 985 fundatam
822 921 994 1004 explicare,
1018 929 1051 988 et
1068 923 1233 988 contraria

62 1025 238 1112 emendare
267 1025 401 1091 valeam.
453 1025 506 1091 Sic
534 1026 659 1108 spero²
694 1025 771 1091 visis
801 1025 1083 1094 informationibus
1117 1030 1233 1095 restris

60 1130 159 1198 facile
183 1131 381 1197 concordari.
427 1131 516 1196 Tunc
540 1130 625 1196 enim
648 1151 721 1195 mea
744 1136 860 1213 sponte
884 1152 923 1195 ac
946 1132 1095 1200 ultroneo
1125 1135 1232 1200 studio

8 1284 12 1293 .
60 1234 380 1304 111111111110111111118
414 1234 569 1302 mandato
592 1236 688 1321 jussu
710 1237 776 1302 sive
810 1242 990 1320 praecepto,
1019 1238 1076 1303 scd
1100 1259 1139 1304 ex
1162 1238 1233 1304 sols

59 1342 237 1408 dilectione
259 1343 320 1408 Dei
344 1348 378 1409 et
398 1341 538 1426 proximi
561 1362 600 1406 ac
615 1342 709 1406 unius
725 1340 872 1406 veritatis
888 1362 1008 1422 amore,
1031 1363 1124 1408 nemo
1141 1343 1232 1423 alius,

61 1448 120 1514 scd
144 1469 205 1533 ego
227 1448 297 1532 ipse
321 1448 434 1514 tollam
459 1446 499 1512 de
523 1447 582 1512 via·
597 1447 731 1531 lapides,
756 1446 784 1511 si
807 1445 862 1530 qui
885 1446 1016 1527 fuerint,
1040 1446 1232 1515 offensiones

60 1559 94 1621 et
116 1553 262 1639 petras*
290 1553 453 1633 scandali,
481 1553 529 1618 ita
559 1558 597 1619 ut
629 1553 717 1618 solus
747 1552 840 1618 nobis
864 1553 1006 1636 supersit
1028 1551 1111 1637 lapis
1135 1575 1232 1637 quem

59 1657 321 1743 reprobaverunt
358 1664 392 1725 et
420 1663 532 1742 petra,
570 1678 641 1741 quae
672 1663 745 1723 erat
786 1657 950 1738 Christus,
986 1659 1055 1742 ipse
1089 1665 1139 1725 est
1168 1666 1241 1742 pax'

58 1770 193 1846 nostra,
224 1764 281 1849 qui
309 1764 388 1830 facit
414 1770 554 1847 utraque
583 1784 695 1843 unum,
724 1763 778 1828 illc
809 1783 868 1828 nos
900 1765 1063 1830 custodiat
1091 1771 1167 1849 opto
1198 1766 1232 1830 iu

57 1871 162 1936 vitam
185 1869 373 1935 aethernam.
414 1871 524 1934 Amen.
560 1867 640 1933 Vale
664 1873 698 1933 et
721 1867 803 1932 hanc
825 1868 995 1950 epistolam
1012 1892 1083 1937 cum
1105 1873 1233 1955 egregio

57 1976 191 2043 domino
213 1974 348 2055 Iacobo,
372 1974 554 2058 eximioque
579 1970 707 2038 domino
731 1973 874 2039 Arnoldc
892 1972 919 2054 ⁵,
953 1976 1143 2060 caeterisque
1167 1979 1232 2043 tuis

57 2080 309 2148 communicato.
355 2080 476 2145 Datum
499 2086 537 2144 ut
560 2100 659 2162 supra
675 2078 697 2142 ⁶.

148 2234 310 2296 Gedruckt:
332 2237 346 2292 l
369 2254 409 2285 =
425 2232 453 2291 J.
470 2251 496 2292 v.
515 2249 540 2291 e.
559 2251 576 2306 q
594 2236 613 2292 4
629 2233 672 2291 bis
688 2250 704 2290 r
720 2235 769 2306 2⁸3
788 2236 806 2291 2
824 2234 995 2293 :Bulaeus
1011 2235 1029 2294 1.
1047 2236 1065 2293 l.
1078 2236 1118 2293 VI
1133 2256 1162 2311 p.
1178 2239 1229 2296 56.

56 2345 110 2403 57.
130 2345 212 2402 3:
228 2339 360 2414 Maius'l.
375 2339 395 2397 l.
412 2357 440 2414 p.
459 2341 520 2399 331
539 2338 584 2398 bis
600 2341 674 2399 336.

560 2683 731 2752 CXXXIX.

130 2795 306 2846 Ottobcuren.
965 2794 996 2840 21
1021 2791 1095 2842 Febr.
1117 2793 1194 2844 1512.

233 2941 361 3016 Frater
388 2941 566 3016 Nicolans
586 2939 774 3037 Ellcnbog
801 2966 850 3012 an
877 2936 1061 3013 Reuchlin

52 3109 115 3175 hat
151 3107 254 3173 durch
286 3110 340 3173 Rs
375 3108 501 3187 freund,
536 3106 599 3170 den
634 3087 830 3189 Di'eteganus
855 3107 1118 3185 Westerstetten,
1153 3115 1230 3191 gnte

52 3213 270 3279 nachrichten
288 3215 370 3279 iiber
387 3214 442 3278 Rs
465 3211 688 3295 wohlergehen
709 3211 856 3276 erhalten
872 3212 938 3277 und
962 3212 1049 3277 freut
1065 3211 1133 3277 sich
1149 3213 1231 3278 iiber

54 3320 127 3385 sein
157 3318 424 3385 vcrdienstvclles
448 3317 584 3396 wirken,
609 3317 704 3381 sehnt
732 3317 811 3397 sich,
840 3317 897 3381 ihn
921 3317 1039 3383 einmal
1062 3340 1101 3382 zu
1130 3316 1230 3383 sehen

623 3483 640 3521 ‘it

132 3581 143 3625 1
170 3575 321 3641 importune
342 3573 512 3641 ausgclasscn
535 3577 558 3623 3.
633 3578 646 3622 2
667 3574 711 3623 Sic
732 3589 806 3638 sporo
827 3572 867 3624 bis
882 3588 912 3620 nu
928 3570 993 3620 ende
1012 3569 1183 3635 ousgclassen
1204 3573 1229 3621 2.

55 3667 70 3714 3
91 3665 216 3714 Hominis
231 3667 254 3714 3.
265 3664 342 3728 jussu
357 3671 401 3713 aut
414 3669 543 3729 praeccpto
558 3665 581 3711 3.
638 3666 653 3711 4
673 3664 763 3711 Petras
778 3667 804 3709 ct
818 3664 841 3710 3.
855 3661 931 3710 vobis
943 3660 1016 3708 solus
1030 3660 1053 3707 3.
1104 3659 1120 3706 5
1140 3658 1229 3708 Hoch-

54 3759 157 3805 straten
182 3752 236 3803 und
256 3754 391 3817 Tungcrn.
464 3756 479 3802 6
499 3750 619 3801 Nemlieh
644 3750 711 3800 oben
731 3765 785 3798 nro.
805 3748 954 3798 CXXXVII
981 3747 1008 3796 in
1029 3744 1087 3795 dem
1107 3743 1179 3796 brief
1195 3761 1229 3797 en

54 3841 99 3892 die
124 3841 227 3893 Kblncr
251 3842 371 3892 tacultiit.
411 3841 468 3891 Von
497 3855 602 3890 unserm
621 3839 692 3890 bricf
715 3836 773 3903 gibt
801 3834 941 3886 nachricht
961 3834 1060 3886 vPetrus
1086 3836 1178 3901 Meyer
1202 3835 1230 3884 in

54 3933 141 3982 eincm
161 3930 301 3982 schreiben
328 3943 361 3979 an
380 3929 480 3980 Arnold
499 3945 550 3980 von
571 3929 695 3994 Tungern
717 3930 748 3976 10
768 3924 844 3977 Febr.
866 3924 942 3974 1512.
975 3923 1166 3990 (Plcfferkorns
1184 3922 1229 3976 be-

53 4017 220 4088 schyrmung
239 4021 265 4070 H
286 4021 300 4069 3
321 4019 369 4087 fg.)
