2798 4980
678 330 721 395 90

119 540 227 586 rerum
254 517 431 604 disciplinis
462 518 598 600 relictis,
630 521 726 606 qnasi
752 519 970 606 ludimagistri
992 520 1035 588 ad
1058 521 1202 608 puerilia
1224 521 1284 589 ele·

118 631 228 691 menta
260 646 295 691 se
328 631 571 705 converterent,
604 647 662 710 ego
697 629 872 693 miseratus
902 633 971 692 tam
1000 634 1132 695 sanctas
1163 629 1284 710 literas,

120 731 251 808 indolui,
275 751 348 796 mea
372 735 470 796 astate
492 731 654 798 studiosos
670 733 793 799 diutius
814 733 988 799 hebraicae
1010 733 1128 818 lingu'ae
1148 735 1285 801 scientia

119 857 246 903 carere:
273 843 473 921 quapropter
495 836 625 903 illorum
648 838 775 922 ingenio
801 839 913 904 fauens
936 860 1036 906 ausus
1060 861 1132 906 sum
1157 841 1184 919 ¹,
1208 839 1287 905 licet

119 964 217 1029 supra
245 942 375 1008 innuen
404 954 512 1008 torsau
543 949 679 1024 temere,
709 945 834 1029 primus
867 945 1009 1011 omnium
1039 950 1073 1012 et
1094 951 1165 1010 tam
1189 966 1285 1029 guare

118 1047 245 1133 pondus
260 1049 341 1112 meis
356 1047 498 1113 humeris
520 1049 687 1134 imponere
711 1057 745 1116 et
760 1051 855 1117 simul
871 1072 922 1117 me
938 1050 1055 1118 offerre
1073 1051 1086 1090 ⁹
1108 1050 1287 1118 latratibus

118 1153 332 1234 mordacium3
355 1155 478 1219 utinam.
497 1155 637 1239 judaicis
662 1156 775 1222 solum.

208 1259 322 1343 Neque
338 1280 358 1324 a
374 1259 528 1342 dignitate
552 1262 612 1326 viri
628 1262 716 1327 docti
731 1263 881 1347 reputavi
904 1262 1054 1343 alienum,
1078 1261 1122 1328 ad
1147 1261 1288 1328 elemen-

120 1365 208 1431 taria
230 1365 393 1430 consortia
409 1366 572 1431 declinare
596 1368 712 1433 aurelii
736 1368 834 1451 Opilii
852 1367 866 1408 ³
888 1367 1045 1451 exemplo,
1068 1367 1125 1452 qui
1147 1388 1214 1434 non
1239 1372 1289 1434 est

120 1471 312 1554 dedignatus
334 1478 409 1555 post
431 1471 668 1558 philosophiam
684 1475 799 1558 primo,
824 1473 940 1538 deinde
956 1478 1060 1538 artem
1076 1472 1287 1553 rhetoricam,

119 1577 293 1644 novissime
322 1579 533 1660 grammatica
556 1579 693 1658 sectari;
723 1579 804 1643 nihil
827 1579 924 1644 aliter
954 1576 994 1642 de
1018 1577 1113 1643 Ateio
1144 1579 1288 1644 Praetex-

121 1690 192 1750 tato
215 1683 376 1768 philologo
401 1684 572 1751 Suetonius
596 1685 802 1768 Tranquillus
826 1689 978 1750 testatur.
1022 1683 1132 1749 Simile
1156 1703 1288 1768 quoque

119 1789 159 1857 de
176 1789 306 1857 Valerio
323 1791 456 1871 Catone,
480 1791 535 1875 qui
551 1790 657 1856 dictus
681 1797 732 1855 est
747 1790 864 1855 Latina
881 1788 993 1875 Syron.
1027 1789 1149 1856 Fateor
1163 1789 1287 1874 itaque,

119 1897 206 1964 eirca
237 1897 406 1962 literarum
436 1897 596 1963 rationem
619 1916 795 1979 puerorum
823 1916 894 1960 esse
922 1894 1045 1975 studia,
1076 1900 1111 1961 et
1138 1917 1212 1962 esse
1235 1916 1287 1961 me

119 2003 217 2069 etiam
242 2025 279 2069 eo
302 2023 387 2067 nunc
409 2006 607 2085 prouectum,
630 2007 667 2068 ut
689 2001 809 2085 partim
832 2022 883 2065 me
903 1999 1141 2085 philosophum,
1165 2001 1288 2085 partim

114 2108 382 2192 jurisconsultum
405 2106 607 2172 arbitrentur
639 2106 688 2172 his
720 2106 761 2172 de
784 2106 891 2179 causis
916 2105 1073 2186 maxime,
1096 2111 1169 2172 tum
1198 2104 1287 2191 quod

119 2235 159 2280 ex
181 2213 346 2297 Capnione
368 2217 479 2278 nostro
504 2233 599 2297 quem
623 2211 814 2278 edidimus⁴
838 2210 878 2277 de
903 2210 1002 2277 verbo
1026 2210 1164 2278 mirifico
1185 2211 1198 2253 ⁶
1221 2233 1286 2278 nou

118 2318 198 2383 nihil
220 2304 308 2402 quod
339 2339 423 2383 verae
445 2318 655 2402 philosophiae
678 2316 828 2397 accedat,
854 2317 919 2383 sibi
941 2316 1165 2402 persuadeant
1188 2339 1288 2402 posse

119 2423 300 2504 ananelum,
323 2430 393 2489 tum
417 2423 503 2508 quod
522 2425 591 2508 Jam
614 2444 715 2489 annos
740 2423 954 2509 complures⁶
978 2444 1076 2507 super
1099 2423 1288 2490 fortissimis

119 2529 233 2595 Suevis
266 2530 504 2596 confoederatos
534 2531 697 2614 principes
735 2530 926 2614 dignitatem
966 2528 1193 2594 triumviratus
1224 2549 1288 2593 non

118 2637 295 2703 ambitione
319 2637 377 2703 sed
394 2637 551 2703 electione
567 2658 658 2702 mera
674 2637 737 2702 sim
753 2619 954 2716 consecutus,
971 2652 1109 2720 eumque
1129 2633 1288 2700 honorem

116 2744 275 2830 usquein
297 2743 382 2809 hunc
405 2744 491 2809 diem
515 2764 643 2810 servare
667 2764 718 2808 ma
743 2743 889 2808 sentiant
911 2741 945 2805 in
971 2761 1165 2807 concussum
1187 2744 1288 2826 atque

118 2857 276 2917 sanctum.

205 2958 361 3023 Attamen
383 2954 465 3021 nihil
487 2976 539 3020 me
562 2954 657 3038 hujus
681 2954 901 3020 elementariae
917 2954 998 3020 artis
1020 2952 1185 3037 dispudet,
1209 2972 1290 3038 qno·

117 3063 205 3129 niam
235 3064 278 3129 ab
307 3065 439 3128 ineunte
472 3061 620 3145 protinus
656 3061 879 3126 adolescentia
915 3059 997 3125 illud
1022 3059 1129 3143 ipsum
1164 3078 1205 3124 ex
1228 3079 1309 3125 usn.

118 3170 196 3234 mihi
226 3169 288 3234 snit·
319 3174 432 3252 estque
460 3169 493 3231 in
524 3188 613 3232 more
638 3187 781 3249 semper,
807 3163 1139 3249 contemplationibus
1162 3164 1290 3248 magnis

118 3274 261 3339 ludicras
284 3272 471 3356 disciplinas
494 3271 670 3356 adjungere
690 3291 819 3354 semper
839 3270 994 3336 discendo
1016 3268 1151 3350 docere,
1176 3271 1290 3336 sinon

119 3401 264 3445 summos
287 3379 383 3458 viros,
407 3384 443 3443 at·
464 3377 625 3442 infimates
644 3378 665 3441 l.
711 3378 830 3442 Postea
854 3375 939 3440 enim
963 3395 1056 3459 quam
1078 3395 1164 3440 anno
1182 3375 1291 3441 aawtis

118 3504 198 3550 meae
222 3483 512 3568 duodevigesimo⁸
535 3482 693 3549 Prisciani
715 3481 926 3548 Caesariensis
949 3480 1097 3546 literaria
1119 3480 1237 3547 studia
1256 3481 1290 3545 in

119 3591 230 3657 schola
254 3590 452 3656 Parisiorum
476 3610 645 3674 aggressus
670 3610 749 3668 sum,
773 3587 902 3653 biennio
925 3591 1001 3670 post
1017 3585 1106 3670 apud
1120 3587 1291 3653 Rauracos

117 3689 346 3765 dictionarium
370 3696 485 3782 collegi
508 3717 603 3781 quem
636 3694 799 3780 appellavi
821 3692 1050 3776 Breuiloquum
1068 3690 1089 3758 ⁹.
1135 3691 1185 3758 Eo
1209 3697 1292 3758 tem·

693 3831 711 3870 alt

193 3923 204 3969 1
226 3934 380 3970 russussum
406 3921 428 3968 1.
503 3920 517 3966 2
538 3915 630 3965 offerre
654 3930 696 3964 me
722 3918 746 3964 2.
819 3915 834 3964 3
856 3898 929 3965 iiber
953 3911 1077 3964 Aurelius
1101 3909 1211 3976 Opilius
1235 3909 1292 3977 vgl.

119 4007 224 4058 Sueton.
249 4008 281 4058 de
306 4006 490 4058 Grammaticis
516 4018 574 4071 cap.
599 4005 623 4067 6,
647 4005 713 4055 iiber
739 4002 830 4067 Atsjns
854 4018 910 4069 cap.
938 4007 961 4065 7,
984 4002 1049 4054 iiber
1072 3999 1196 4052 Valerius
1223 3998 1292 4051 Cato

120 4110 176 4162 cup.
198 4100 239 4146 ll.
296 4098 313 4145 4
332 4095 478 4146 aedidimus
493 4097 517 4144 2,
572 4095 588 4142 b
609 4092 640 4142 dc
658 4094 738 4144 verbo
757 4091 946 4160 mirificolvgl.
962 4091 1029 4143 oben
1046 4093 1182 4140 1494nro.
1195 4087 1294 4140 XLVl.

120 4185 135 4233 6
155 4199 238 4233 anuos
258 4183 415 4252 complures]
435 4184 486 4233 seit
504 4180 563 4231 dem
578 4181 745 4245 jahre1500‚
765 4180 820 4246 vgl.
834 4179 900 4230 iiber
912 4180 1000 4230 diesen
1015 4164 1192 4244 sobwierigeri
1204 4178 1294 4244 punlrt

120 4272 206 4320 meino
225 4271 434 4336 uutcrsuehuug:
455 4271 516 4321 Mel.
537 4272 622 4321 oratio
642 4286 662 4320 s.
683 4272 715 4319 29
736 4270 777 4318 bis
798 4271 840 4318 34.
906 4273 920 4318 7
939 4267 1081 4317 ἱςθωαῐείε
1103 4270 1127 4318 2.
1184 4269 1292 4318 banno

121 4357 338 4422 duodevigesimo
365 4363 440 4421 1473,
467 4359 521 4425 vgl.
548 4360 690 4412 Renchlins
715 4359 787 4416 brief
810 4373 842 4409 au
861 4356 946 4413 Faber
965 4359 997 4413 31
1018 4357 1086 4426 Aug.
1108 4355 1291 4411 lassantes.

121 4445 216 4519 9Vgl.
234 4443 365 4508 Bouchlin
384 4461 405 4498 s.
426 4448 458 4509 68
477 4446 506 4506 ff.
