2580 4178
118 88 313 162 obntemnat.
361 94 451 175 Quae
472 112 526 159 res
548 89 632 157 adeo
653 112 705 157 me
721 88 811 156 nullu
826 89 894 156 urit
908 87 1044 170 invidia,
1066 92 1108 155 ut
1121 87 1284 156 vehemen-

117 205 170 266 ter
193 200 291 265 etiam
313 198 472 285 gaudeam
494 216 618 282 proque
641 217 715 263 mea
738 196 822 262 virili
852 200 1055 277 currentem,
1080 192 1170 281 quod
1192 196 1283 282 ajunt,

118 304 314 372 extimulem.
358 303 473 370 Nullas
496 303 539 368 ad
562 322 614 367 me
630 301 687 367 det
702 302 826 381 literas,
850 298 980 385 (scribit
1002 304 1115 366 autem
1131 298 1283 388 crebrius)

117 411 150 476 in
174 410 291 495 quibus
315 430 378 474 non
402 409 502 474 faciat
523 405 880 473 honorificentissimam
902 406 952 485 tui
982 405 1194 472 mentionem.
1231 408 1283 497 Ile·

118 520 266 605 creverat
288 515 396 600 positu
412 514 501 580 cultu
518 513 704 597 episcopali,¹
726 512 788 579 hec
812 517 872 592 est,
896 511 983 577 linea
1003 517 1105 592 veste,
1128 532 1198 597 qua
1212 532 1283 578 sem·

119 643 181 706 per
202 626 340 686 utuntur
361 619 395 685 in
417 618 543 702 Anglia,
565 617 628 683 nisi
650 640 723 685 eum
737 628 913 699 venantur,
935 617 1100 702 trajicere,
1128 617 1193 685 hac
1213 636 1283 703 pru·

119 727 214 812 cipue
237 746 336 791 causa
360 724 517 808 impulsus
542 743 607 808 quo
630 730 738 789 tecum
762 722 902 809 colloqui
918 722 1049 807 liceret,
1075 728 1172 788 tantu
1193 722 1283 789 hebet

118 831 278 897 hominem
303 829 450 896 discendi
482 829 594 914 tuique
617 830 699 895 sitis.
724 830 832 913 Atque
854 827 916 895 hae
930 828 1002 911 Iege
1025 847 1088 893 nos
1120 826 1165 893 ad
1188 828 1281 893 navim

118 942 332 1022 properantes
349 936 461 1000 decem
477 933 565 1019 apud
582 955 652 999 sese
669 934 738 1001 dies
753 934 903 1013 detinuit,
918 938 956 999 ut
970 954 1037 1000 uua
1052 934 1279 1019 trajiceremus.

120 1043 241 1108 Verum
256 1041 368 1106 incidit
383 1046 508 1124 postea,
530 1060 589 1104 cur
610 1045 755 1106 mutaret
769 1039 938 1105 consilium
953 1044 996 1120 et,
1026 1039 1054 1105 si
1070 1060 1142 1105 rem
1158 1038 1280 1119 distulit

118 1147 216 1212 animi
238 1146 441 1230 propositum
471 1166 534 1211 non
557 1145 703 1210 mutavit.
749 1145 786 1211 In
810 1151 955 1211 extremo
978 1143 1129 1229 digressu
1154 1144 1280 1211 sollicite

118 1274 170 1318 me
194 1251 329 1336 rogavit,
346 1271 411 1336 qua
434 1271 469 1315 re
485 1254 596 1333 posset
611 1249 672 1315 tihi
687 1256 817 1334 gratum
838 1250 955 1316 facere.
1001 1248 1180 1334 Respondi,
1196 1256 1280 1315 tuam

118 1357 283 1423 fortunam
305 1377 368 1422 nou
392 1376 463 1422 esse
488 1355 661 1440 ejusmodi,
685 1361 722 1421 ut
744 1376 939 1440 magnopere
962 1357 1104 1442 egeret¹
1143 1354 1278 1441 pecunia,

117 1461 230 1530 verum
260 1463 287 1527 si
310 1462 456 1527 mitteret
480 1461 635 1527 annulum
660 1466 718 1526 aut
745 1467 885 1542 vestem,
908 1467 967 1526 aut
985 1461 1091 1526 aliud
1122 1460 1277 1547 ejusmodi,

117 1569 205 1654 quod
230 1590 289 1634 ceu
313 1569 360 1632 tui
383 1573 625 1633 monumentum
648 1572 760 1651 posset
782 1567 952 1651 amplecti,
982 1566 1017 1631 id
1045 1566 1117 1632 lore
1149 1566 1279 1650 gratissi·

122 1695 220 1738 mum.
268 1673 461 1757 Respondit,
492 1694 527 1738 se
550 1671 631 1737 nihil
653 1672 818 1752 laborare,
850 1671 963 1758 quanti
986 1677 1171 1753 constaret,
1192 1672 1275 1737 modo

118 1779 180 1844 tibi
204 1785 331 1862 gratum
355 1785 451 1843 esset.
498 1777 687 1843 Collaudavi
710 1777 847 1843 h'ominis
870 1778 1022 1858 animum,
1046 1778 1194 1862 suspicor
1215 1796 1277 1843 eum

118 1883 210 1950 brevi
240 1885 281 1949 ad
313 1892 345 1949 te
378 1889 557 1949 vent-urum.
609 1883 742 1948 Interim
771 1884 821 1949 fac
846 1883 969 1949 scribas
991 1883 1091 1964 mihi,
1125 1882 1203 1968 quid
1227 1880 1277 1948 tihi

118 1989 324 2074 potissimum
354 1989 441 2054 mitti
472 1989 597 2073 cupias,
629 1989 727 2055 nullis
750 1989 805 2054 ille
828 2009 985 2074 parsurus
1013 1995 1065 2054 est
1098 1986 1276 2073 sumptibus.

121 2095 214 2161 Sensi
236 2094 328 2159 illum
351 2094 570 2160 avidissimum
594 2095 793 2160 calamorum
817 2099 983 2175 νειλωτῶν,
1008 2094 1192 2179 cujusmodi
1212 2091 1278 2158 mihi

120 2206 188 2265 tres
213 2199 340 2265 donasti
363 2200 392 2279 ²,
423 2200 559 2283 proinde
590 2202 618 2264 si
647 2199 707 2265 tihi
736 2206 812 2265 sunt
843 2199 982 2284 aliquot,
1010 2198 1140 2265 nullum
1170 2218 1274 2264 munus

120 2305 243 2390 gratius
266 2305 395 2372 mittere
419 2305 534 2389 possis.

208 2411 281 2475 Non
313 2411 499 2494 gravaberis
519 2431 608 2493 eum
644 2409 768 2475 crebris
801 2409 968 2494 appellare
1002 2408 1109 2475 literis
1146 2416 1179 2475 et
1208 2410 1276 2474 item

120 2516 278 2596 Coletum;
304 2522 441 2599 uterque
466 2515 513 2580 tui
530 2515 783 2580 studiosissimus
800 2524 858 2594 est,
882 2521 1019 2600 uterque
1037 2521 1097 2595 est,
1121 2520 1160 2581 ut
1183 2515 1278 2591 etiam,

119 2622 148 2687 si
171 2621 260 2686 nulla
284 2628 473 2706 speraretur
495 2622 631 2700 utilitas
655 2628 761 2686 tamen
787 2621 828 2685 ob
853 2621 998 2705 egregias
1022 2620 1143 2704 quihus
1166 2619 1280 2704 prediti

119 2734 196 2790 sunt
220 2727 357 2791 virtutes
382 2735 415 2792 et
443 2728 586 2790 animum
614 2728 647 2790 in
678 2734 711 2791 te
734 2733 802 2792 tam
825 2748 1039 2810 propensum,
1074 2725 1165 2809 digni
1200 2730 1281 2791 erant

121 2853 231 2896 amore
254 2839 375 2898 mutuo.
422 2832 514 2896 Nune
530 2832 625 2896 ambo
643 2849 803 2897 summam
818 2832 906 2915 apud
921 2852 997 2896 suos
1014 2831 1165 2897 obtinent
1179 2831 1282 2896 autho

703 2969 720 3006 ’lt

120 3056 162 3106 dle
181 3056 282 3119 schrift,
302 3057 351 3107 col.
375 3060 449 3120 1604,
469 3059 543 3123 epist.
563 3058 628 3123 App.
655 3059 801 3119 CXXXIII,
822 3076 874 3109 was
894 3058 998 3109 freilioh
1019 3059 1144 3109 ziemlioh
1164 3056 1283 3109 uutilrlith

120 3161 181 3207 war,
201 3145 234 3194 da
253 3144 329 3195 Colet
357 3145 398 3195 die
418 3146 543 3195 schrilten
564 3147 790 3212 zurIIckgehalten
811 3147 896 3209 hatte,
922 3163 964 3196 unt
989 3148 1027 3196 sio
1052 3155 1142 3198 ziiorst
1163 3165 1194 3197 zu
1213 3147 1283 3197 lesen.

119 3233 258 3295 Erasmus,
284 3233 329 3282 der
357 3235 403 3284 das
424 3252 455 3284 en
476 3235 585 3284 Fischer
602 3251 649 3284 zur
668 3235 891 3302 entsobuldigung
910 3235 1026 3285 schreibt
1059 3235 1086 3299 (8
1108 3237 1181 3301 Sept.
1206 3236 1281 3297 1511),

119 3324 179 3388 Iligt
199 3322 288 3371 hinnu:
315 3321 364 3370 Ubi
392 3321 497 3371 dabitur
527 3330 595 3372 corte
622 3324 718 3388 aliquis
743 3327 787 3389 qui
808 3325 932 3390 perferat,
952 3325 1054 3373 remitte
1078 3323 1158 3374 noble
1177 3323 1280 3382 libellos,

120 3412 163 3476 qui
184 3411 216 3461 ad
236 3410 376 3460 ReuchIIni
397 3413 531 3475 negotium
551 3413 687 3477 pertinent,
713 3413 736 3461 si
757 3422 842 3462 tamon
867 3413 908 3461 his
925 3414 979 3475 jam
1000 3427 1063 3461 usus
1085 3413 1178 3462 fueris.
1218 3413 1282 3459 Danu

118 3499 187 3566 solgt
213 3501 255 3549 die
284 3498 479 3548 bezeichnende
505 3500 592 3550 stelle:
618 3501 724 3565 quidam
752 3517 764 3549 e
792 3501 904 3550 Coloqu
930 3501 1036 3564 scripsit
1066 3499 1099 3547 ud
1129 3517 1169 3549 me
1192 3513 1283 3549 cunisam

120 3587 192 3637 illius
216 3589 242 3636 in
263 3589 361 3653 optimo
382 3603 438 3636 esse
458 3595 536 3649 statu,
557 3605 646 3638 verum
666 3589 776 3638 arbitror
796 3605 852 3638 eam
874 3605 981 3638 eausam
1001 3603 1136 3652 uunquam
1157 3587 1284 3638 finiendum

121 3691 187 3725 esse.
226 3676 306 3741 (Opp.
329 3676 427 3725 Erasmi
447 3677 499 3735 III,
524 3677 573 3728 col.
596 3680 677 3737 1630,
702 3678 776 3742 epist.
798 3679 865 3742 App.
886 3676 1063 3742 CLXXVIII).
1098 3676 1207 3727 Fischer
1225 3676 1283 3724 hatte

122 3762 178 3813 sich
207 3764 271 3812 iiber
297 3764 339 3812 dio
365 3764 622 3833 vernaohlttssignng
651 3765 770 3830 belslagt.
805 3767 860 3826 (Er.
886 3765 951 3830 Opp.
973 3764 1022 3825 III,
1053 3764 1104 3813 col.
1129 3767 1205 3826 1812,
1223 3764 1283 3830 epist.

122 3850 188 3915 App.
209 3850 408 3918 CCCXXVIII.)

194 3942 204 3985 l
227 3938 346 4002 ligores?
420 3946 433 3988 2
455 3942 483 3990 In
513 3943 561 3993 deu
585 3942 735 3994 erhalteucu
760 3940 861 3991 briefen
888 3938 1031 3991 Reuchlins
1056 3955 1088 3990 an
1114 3941 1238 3997 Erasmus
1257 3938 1283 3989 ist

121 4023 207 4079 dauon
226 4026 299 4080 nicht
318 4026 359 4079 dio
380 4027 449 4082 rede.
