2798 4980
668 314 731 380 174

659 504 737 571 (lLl.

187 598 323 663 stuttgart.
1048 597 1057 640 1
1081 593 1147 659 Aug.
1167 596 1229 642 1512.

179 685 204 760 J
207 711 345 759 oannes
371 682 554 757 Reuohlin
581 681 799 756 Plroroeusis
827 706 876 752 an
903 679 1026 755 Jacob
1054 681 1169 782 Lemp
1181 683 1200 754 ¹.

204 833 249 897 Er
261 831 346 897 habe
357 831 408 897 die
425 829 708 915 pbilosophisohen
726 827 855 893 studien
873 847 933 891 von
952 826 1074 912 jugend
1099 849 1140 893 an
1161 827 1256 912 geliebt

113 938 179 1003 und
196 938 243 1003 sei
259 936 432 1003 denselhen
449 941 522 1001 tren
539 934 717 1019 gebliebeu‚
734 933 894 998 trotzdem
911 953 946 997 er
962 933 1091 1016 gelernt
1107 934 1199 1016 habe,
1213 934 1255 998 rie

114 1042 217 1126 hestig
244 1043 296 1107 die
320 1043 439 1106 Romer
467 1041 515 1107 oft
543 1063 642 1124 gegen
665 1041 783 1105 redner
821 1039 887 1104 und
925 1039 1138 1123 philosopher
1171 1039 1256 1122 aufge

113 1155 221 1213 treten
251 1148 354 1213 seien:
386 1148 477 1212 Talia
512 1146 595 1212 enim
620 1145 728 1211 studia
751 1152 819 1210 tam
842 1142 1013 1227 splendida
1038 1151 1071 1211 et
1094 1154 1162 1211 tam
1184 1145 1256 1211 utilio

115 1253 270 1337 putabam
302 1254 421 1337 optime
453 1254 494 1318 ad
523 1252 647 1317 virilem
679 1257 788 1335 togam
819 1249 969 1334 deposita
998 1257 1160 1335 pretextu
1179 1250 1256 1335 perti·

116 1381 202 1424 nere.
248 1359 320 1438 Qua
342 1380 392 1424 me
416 1381 451 1424 re
475 1359 596 1442 conjeci
620 1359 652 1421 in
677 1357 824 1421 servilem
847 1356 1074 1438 conditionem,
1099 1362 1133 1423 et
1148 1356 1275 1441 repulu-

115 1465 242 1530 vivendi
264 1465 415 1530 libertate
439 1464 597 1529 immiscui
621 1484 671 1528 me
695 1461 828 1527 infinitis
852 1462 1015 1527 hominum
1040 1468 1074 1527 et
1099 1463 1254 1547 jurgiorum

115 1570 346 1654 questionibus
382 1576 480 1654 atque
504 1569 632 1635 demum
664 1567 850 1652 reipublicae
880 1568 965 1633 curis
995 1574 1028 1633 et
1059 1565 1256 1634 sollicitudini·

115 1674 186 1755 bus,
219 1696 289 1760 qnae
324 1697 388 1741 non
423 1681 550 1740 tantum
585 1675 706 1739 lassato
730 1695 859 1739 somnos
892 1672 1055 1754 adimunt,
1089 1674 1146 1740 sed
1176 1674 1253 1739 etiem

116 1781 261 1865 vigilanti
288 1788 321 1847 et
349 1787 438 1846 recte
467 1780 576 1863 agenti
606 1778 706 1845 robur
735 1780 854 1844 mentis
878 1778 1053 1845 debilitant
1076 1784 1111 1846 et
1134 1776 1255 1863 corporis

114 1908 230 1952 nervos
264 1886 320 1951 ubi
352 1886 442 1952 nulla
474 1888 585 1971 quise,
616 1886 708 1950 nulla
745 1886 973 1970 tranquillitas.
1030 1885 1136 1952 Unter
1167 1886 1256 1951 diesen

117 1999 226 2058 ersten
244 1992 372 2058 studien
388 1993 434 2057 sei
451 1992 531 2057 aber
543 1992 601 2056 das
615 1990 848 2075 vorziiglichste
861 1990 920 2057 das
934 1990 993 2056 der
1003 1991 1146 2075 heiligen
1156 1986 1255 2056 schrift

115 2098 161 2163 Zu
184 2097 285 2162 ihrem
305 2097 506 2163 wahrhalten
523 2097 742 2163 verstiiudniss
765 2096 849 2162 habe
873 2118 909 2162 er
924 2098 995 2162 eine
1012 2095 1198 2180 griindliohe
1217 2093 1256 2159 be-

114 2202 317 2286 schtiftigung
339 2203 398 2267 mit
420 2203 480 2268 der
502 2202 723 2287 griechischen
745 2202 812 2269 und
835 2201 1049 2268 hebr‘eiischeu
1066 2201 1200 2287 spracbe
1219 2198 1256 2264 liu

113 2307 319 2391 nothwendig
347 2309 503 2374 erachtet.
549 2310 673 2374 Durum
705 2314 814 2374 autem
842 2314 918 2392 post
950 2329 1005 2373 eas
1035 2306 1217 2393 disciplinae
1232 2307 1256 2368 et

114 2419 242 2496 agreste
272 2415 366 2479 nimis
392 2413 595 2500 judicabam,
627 2414 739 2479 amicis
772 2435 890 2498 negare
920 2413 1133 2480 humanitatis
1162 2410 1253 2487 officia,

115 2537 199 2603 sape
233 2519 432 2603 multumque
465 2526 499 2584 et
533 2540 641 2584 coram
680 2525 713 2584 et
746 2541 805 2603 per
842 2518 998 2602 epistolas
1033 2519 1254 2603 nunciosquer

114 2644 165 2688 me
188 2625 384 2708 petentibus,
407 2630 445 2690 ut
468 2626 514 2690 eis
538 2625 674 2691 moleste
698 2624 872 2690 admodum
897 2631 939 2705 et,
971 2629 1008 2689 ut
1038 2626 1140 2710 ajunt,
1166 2619 1253 2688 intole-

115 2729 264 2797 rabiliter
292 2730 518 2814 ignorantibus
555 2729 627 2796 aliis
666 2730 794 2815 quidem
831 2751 935 2815 graeea
965 2730 1177 2814 dimlgmem,
1203 2723 1253 2793 diis

113 2841 222 2901 autem
246 2834 408 2902 hebraica.
454 2835 560 2913 Quare
583 2837 637 2919 pio
661 2858 770 2902 amore
795 2837 922 2916 ductus,
945 2858 1018 2901 cum
1042 2843 1140 2902 antea
1156 2829 1253 2900 doceis

114 2961 182 3004 sem
205 2941 324 3006 multos
346 2941 379 3005 in
403 2942 514 3024 graeois
536 2940 649 3021 literis,
682 2949 716 3007 et
738 2965 796 3026 per
823 2943 1068 3026 grammaticam
1092 2948 1202 3021 artem,
1220 2931 1254 3000 mi

113 3045 244 3110 titulum
286 3047 436 3131 inscripsi
474 3047 697 3131 Mioropaedia‚
746 3047 939 3113 dolavissem
989 3047 1147 3133 quicquid
1179 3037 1254 3130 polll

113 3151 284 3217 novissime
308 3152 351 3216 ad
373 3152 523 3218 decorem
554 3157 587 3218 et
619 3151 823 3237 splendorem
854 3153 1082 3219 sacratissimo)
1111 3146 1253 3233 meolop'n

116 3261 149 3320 et
176 3255 431 3341 theologicorum
453 3258 595 3323 virorum
619 3259 803 3339 utilitatem,
835 3259 903 3343 ipse
928 3281 985 3342 ego
1010 3265 1116 3325 totam
1137 3259 1252 3342 lingum

114 3359 299 3427 hebraicam
322 3365 445 3448 primus
469 3365 610 3429 omnium
632 3365 666 3429 in
689 3364 802 3445 literis,
825 3365 858 3430 in
882 3365 1080 3431 dictionibus
1104 3371 1138 3431 et
1159 3356 1252 3447 regnll

116 3465 302 3547 collective,
341 3468 466 3553 legibus
493 3470 675 3554 mancipavi
706 3471 825 3535 latinis
878 3471 976 3556 Cujus
1009 3470 1158 3536 exercitii
1184 3460 1256 3533 dud

114 3571 209 3655 pulos
237 3593 300 3637 non
324 3574 429 3640 nullos
451 3576 542 3640 nulla
564 3582 673 3640 tamen
696 3575 855 3656 mercede,
879 3577 936 3642 sed
959 3577 1103 3660 gratuito
1126 3574 1186 3641 feci
1205 3585 1257 3657 ptr·

113 3677 244 3763 ticipes‚
274 3680 395 3763 partim
424 3687 534 3764 gratos
568 3682 623 3764 qui
650 3683 843 3766 praeceptori
872 3673 929 3748 su'o
942 3681 1104 3767 ⁸debitum
1126 3682 1254 3747 honour

113 3804 272 3868 perquam
298 3792 485 3851 reverenter
509 3786 680 3864 exhibent,
711 3788 831 3871 partim
856 3808 947 3868 vero,
971 3796 1009 3855 ut
1030 3785 1150 3852 acerbe
1171 3778 1254 3854 audio

725 3923 744 3958 *li

187 4008 197 4053 1
219 4001 308 4056 Julrob
329 4002 417 4071 Lemp,
436 4004 496 4071 geb.
516 4004 542 4056 iu
564 4006 723 4071 Steinheim,
751 4007 815 4058 wlrd
835 4007 968 4075 professor
987 4008 1033 4060 der
1050 4004 1257 4076 philosophema

112 4090 271 4143 facultatis
290 4095 432 4159 'l‘dbingen
456 4096 533 4158 1494,
560 4095 605 4145 der
632 4095 832 4162 tlreologischcu
855 4098 933 4160 1495,
960 4097 1000 4146 ale
1023 4102 1109 4150 sititae
1134 4099 1179 4149 der
1195 4096 1259 4164 pilli·

112 4180 202 4229 lichen
215 4181 304 4230 macht
321 4181 375 4230 und
388 4187 486 4232 muster
505 4184 576 4233 eines
591 4185 724 4234 Skotisten
738 4185 867 4246 berdbmt,
885 4200 936 4234 von
955 4185 1006 4236 den
1024 4186 1190 4237 humenisten
1207 4176 1262 4234 sort

114 4267 260 4332 beknmpft,
285 4269 393 4334 eilriger
417 4286 517 4335 gogner
535 4272 646 4323 huthers
670 4273 724 4322 und
748 4273 995 4335 uertebrarum,
1019 4274 1212 4326 untereebreibt
1231 4266 1266 4321 mi

114 4353 160 4403 der
178 4354 293 4406 budener
312 4355 472 4422 disputation
496 4362 561 4410 1526
581 4361 623 4410 die
642 4367 713 4411 sbtne
731 4362 817 4411 selues
831 4361 949 4412 schillers
966 4361 1029 4414 Joh.
1042 4363 1109 4426 Eak,
1128 4369 1160 4414 st
1180 4352 1266 4429 ldpnl

117 4445 192 4494 1532.
224 4442 286 4511 Vgl.
307 4444 492 4496 Wiedemann:
511 4447 573 4498 Joh.
594 4449 658 4512 Eeb,
678 4448 851 4516 Regensburg
873 4451 938 4500 1865
958 4465 979 4502 s.
1002 4454 1042 4503 12.
