2798 4980
667 332 873 475 aas*¹

114 584 176 628 nou
200 561 305 648 possit
328 560 439 644 magis.
485 558 567 625 Nam
591 560 668 645 quid
693 565 760 624 tum
797 558 1009 626 obtenturum
1040 564 1075 625 tc
1107 555 1189 644 apud
1207 578 1254 639 eos,
1288 616 1293 629 .

113 665 275 754 aquibus
308 665 392 752 equi
419 665 561 751 bonique
593 686 756 751 nunquam
787 665 964 749 impetrare
994 662 1118 750 aliquid
1141 663 1255 749 potuisti,

112 792 235 858 speras,
258 771 285 836 si
308 772 352 836 ait
373 770 405 835 iu
430 778 487 836 tua
511 770 570 836 hac
594 776 768 855 potestate,
793 776 829 835 ut
854 768 990 835 Lutberi
1014 788 1165 836 caussam
1183 768 1254 834 iuter·

113 874 228 943 boias?
256 875 377 942 Nouem
396 877 464 959 jam
488 897 588 942 annos
618 876 788 942 continuos
811 897 874 941 uon
900 873 1054 955 didicisti,
1078 873 1155 960 quid
1176 872 1255 940 eblan-

114 981 177 1048 diri
200 981 305 1047 abiis
332 981 454 1046 liceat?
487 981 579 1060 Quod
613 984 639 1046 si
664 982 797 1047 Lutheri
831 978 1028 1066 improbatio
1059 979 1163 1064 possit
1182 978 1251 1044 etiau

115 1086 242 1174 eripere
266 1087 361 1152 istinc
386 1093 560 1165 tatamen
584 1088 756 1152 honestum
781 1108 843 1151 non
869 1085 1053 1152 arbitrarer
1077 1105 1134 1150 eas
1154 1090 1184 1151 te
1201 1105 1252 1168 par-

115 1199 167 1260 tes
190 1212 388 1278 oppugnare,
410 1193 442 1257 iu
467 1193 585 1277 quibus
608 1199 696 1258 stare
720 1192 810 1258 vides
840 1214 905 1272 eos,
930 1190 1132 1276 quibuscum,
1155 1190 1205 1257 nisi
1221 1190 1253 1254 in-

117 1298 320 1382 gratissimus
344 1318 414 1363 esse
439 1298 528 1376 velis,
552 1301 673 1364 sentire
698 1300 729 1363 in
754 1320 789 1362 re
814 1297 950 1363 honesta
973 1316 1103 1381 semper
1125 1296 1217 1362 debes.

205 1401 292 1468 Setis
325 1425 486 1488 superque
512 1404 620 1471 iuerat
650 1426 709 1488 pro
734 1403 919 1470 defensione
943 1410 1001 1469 tua
1027 1401 1177 1481 scribere,
1194 1399 1250 1464 nihil

119 1507 216 1573 fuisse
230 1507 290 1573 tibi
305 1529 376 1573 cum
391 1509 534 1575 Luthero
552 1531 708 1595 unquam,
729 1509 790 1574 hoc
807 1515 840 1574 et
855 1509 1009 1574 Erasmus
1026 1507 1169 1592 scripsit,
1184 1504 1249 1592 addis

116 1634 247 1681 causam
263 1620 296 1679 te
312 1614 381 1698 ejus
395 1614 597 1699 improbasse
618 1636 756 1699 semper,
772 1615 938 1698 aegerrime
958 1613 1073 1681 tulisse
1090 1614 1173 1699 quod
1185 1619 1248 1706 tuuc

116 1740 232 1786 nomeu
254 1720 287 1785 iu
310 1719 396 1785 illius
420 1722 548 1805 scriptis
572 1722 764 1800 inueniatur,
788 1726 940 1785 conatum
970 1719 1071 1786 etiam
1096 1717 1250 1787 abstrahere

116 1845 175 1891 nos
200 1825 254 1909 qui
279 1824 325 1890 iili
349 1825 545 1891 adhaereant.
584 1828 654 1892 Hac
678 1833 746 1892 tam
779 1825 865 1890 foeda
889 1823 1078 1891 adulatione
1101 1845 1201 1910 speras
1217 1843 1251 1887 er·

123 1949 218 1996 orare
242 1950 312 2007 eos,
347 1951 427 2016 quos
459 1932 487 1996 si
510 1932 558 1995 vir
589 1953 659 1997 esse
689 1931 769 1997 reiis
793 1951 855 1995 uon
879 1928 1000 1995 debeas
1024 1930 1167 1996 salutare
1185 1927 1250 1994 etiam

120 2035 231 2115 amice,
267 2042 316 2101 tot
347 2043 415 2100 tam
447 2035 587 2102 infandis
617 2037 721 2101 modis
751 2037 890 2121 pessime
914 2035 954 2100 de
978 2035 1175 2100 temeritas.
1209 2027 1250 2096 sa

119 2161 228 2221 exora,
251 2147 294 2219 et,
316 2142 343 2206 si
367 2163 426 2225 per
448 2149 578 2207 atatem
601 2142 687 2221 lieet,
713 2142 774 2208 hoe
798 2143 896 2207 etiam
919 2139 980 2221 iao,
1005 2140 1093 2225 quod
1116 2145 1249 2222 tantopere

117 2266 212 2330 posse
236 2244 344 2325 relies,
368 2254 404 2310 ut
429 2246 560 2311 Romam
595 2247 708 2313 abiens
732 2248 860 2315 Domini
889 2246 1007 2312 Leonis
1040 2245 1140 2331 pedes
1162 2240 1252 2311 oscule-

116 2348 171 2427 ris,
195 2348 279 2415 adds
303 2351 402 2416 etiam
419 2352 505 2435 quod
529 2352 692 2419 detrectas
708 2353 846 2442 minime,
869 2353 961 2419 utin
984 2372 1044 2418 uos
1067 2351 1191 2418 scribas.
1208 2346 1247 2411 ‘ia-

115 2473 189 2518 meo
214 2453 402 2536 videbimus,
425 2462 471 2535 ut,
496 2458 544 2522 vei
568 2460 668 2524 invito
693 2464 789 2537 te,et
812 2458 1015 2542 cumimpiis
1042 2456 1200 2524 cortisanis
1216 2471 1249 2515 re

117 2557 286 2638 clamante,
311 2563 511 2629 excutiamus
534 2570 629 2648 turpe
656 2566 767 2648 jugum
792 2571 826 2629 et
846 2585 866 2628 a
888 2562 977 2628 foeda
994 2565 1150 2631 servitute
1171 2560 1248 2648 (quau

116 2670 152 2728 tu
175 2663 315 2731 libenter
338 2669 487 2734 serviisse
516 2691 644 2754 semper
675 2677 716 2750 te,
740 2670 833 2754 quasi
866 2668 926 2733 hoc
959 2674 992 2733 te
1023 2668 1153 2754 dignum
1174 2661 1248 2736 uerit

114 2769 236 2857 jactas)
260 2793 319 2838 nos
343 2774 549 2840 vindicemus.

205 2876 277 2942 Tibi
300 2877 450 2963 displicet
466 2880 599 2945 Lutheri
624 2880 796 2963 negotium,
813 2888 847 2946 et
869 2878 949 2946 iliud
972 2879 1149 2965 improbas,
1169 2871 1250 2941 velles·

116 3004 178 3066 que
212 2983 397 3050 extinctum.
453 2985 524 3049 Nou
558 2987 644 3050 venit
672 2986 704 3049 in
736 2992 877 3052 mentem
912 2985 971 3051 tibi
1012 2985 1107 3051 fortis
1144 2980 1197 3048 viri
1217 2971 1250 3038 issi

115 3091 364 3173 propugnatoris
394 3092 566 3169 Francisci,
599 3112 660 3155 noo
690 3092 752 3157 mei
783 3093 838 3177 qui
870 3112 933 3157 nou
966 3091 998 3154 in
1030 3089 1193 3175 postremis
1209 3096 1250 3166 pri

116 3199 149 3258 te
173 3193 259 3273 steti,
283 3196 380 3261 etiam
404 3203 481 3261 tunc
515 3218 585 3262 eum
618 3196 755 3261 maxime
790 3204 823 3261 et
851 3195 1123 3282 periculosissime
1153 3185 1252 3258 arderet

117 3297 177 3363 hoc
200 3298 392 3367 incendium.
440 3302 509 3368 Non
534 3301 670 3367 aliorum
702 3302 758 3386 qui
782 3309 814 3368 te
838 3322 935 3367 mauu
960 3309 994 3366 et
1018 3323 1089 3382 ore,
1114 3321 1180 3366 oum
1198 3287 1251 3378 quia

117 3402 164 3466 tui
187 3403 428 3485 misererentur,
453 3414 521 3474 tum
546 3410 643 3473 etiam
668 3407 754 3490 quod
779 3408 926 3473 viderunt
950 3403 1253 3483 commonentium·

115 3525 189 3571 rum
212 3528 345 3574 causam
368 3534 440 3577 oum
466 3521 520 3578 tua
544 3514 607 3579 ista
631 3514 843 3598 conjunctam,
875 3513 974 3578 tutati
1004 3534 1135 3597 semper
1154 3514 1252 3576 strenue

116 3619 201 3678 sunt.
248 3614 316 3679 Has
340 3623 375 3682 tu
400 3625 510 3703 partes
534 3621 722 3703 impugnare
747 3617 840 3698 velis,
873 3618 900 3683 si
930 3618 1036 3702 possis
1068 3618 1164 3683 etiam
1189 3601 1254 3675 nuile

116 3717 202 3784 bona
224 3721 430 3803 conscientia,
456 3725 513 3790 sed
537 3732 573 3790 ut
596 3723 737 3789 admisso
760 3724 821 3789 hoe
849 3723 992 3788 facinore
1016 3722 1098 3787 illud
1121 3721 1252 3804 impetret

116 3825 203 3911 quod
227 3825 254 3890 si
278 3824 450 3895 offerretur
474 3830 572 3894 etiam
595 3851 635 3893 au
668 3830 815 3913 accipere
839 3826 946 3906 velles,
979 3826 1132 3894 dubitare
1154 3821 1254 3890 debeas

118 3939 152 3997 et
175 3933 262 4017 quod
286 3933 415 4002 etiamsi
438 3941 597 4019 perpetuo
621 3934 763 4000 aduleris
787 3933 897 4021 (modo
921 3940 1009 3999 certe
1035 3936 1108 4000 novi
1130 3923 1255 4008 ismstte

116 4059 191 4102 men
213 4060 277 4104 uon
302 4040 474 4107 obtinebis.

173 4215 176 4221 ,
205 4143 257 4210 Sic
280 4145 444 4214 Francisoi
474 4169 535 4232 ope
566 4146 691 4213 diffisus
723 4147 771 4213 esi
804 4146 856 4212 Sic
880 4145 1040 4212 bonorum
1064 4145 1194 4211 omnium
1211 4145 1254 4216 1³¹⁰

115 4252 149 4311 te
179 4269 259 4314 cura
290 4249 487 4336 desperasti!
510 4253 623 4335 Neque
647 4253 674 4318 si
706 4259 742 4318 tu
774 4253 883 4318 anima
911 4258 944 4316 et
968 4252 1123 4336 sanguine
1145 4236 1254 4312 deficissb

114 4349 207 4417 uobis
231 4364 318 4420 esset
342 4364 500 4439 quantum
531 4361 610 4424 satis
643 4360 743 4424 fuerit
764 4358 806 4423 ad
828 4362 863 4447 te
888 4356 1082 4422 servandum
1106 4345 1253 4420 arbitratus

77 4529 79 4533 Α
115 4476 158 4523 es.
206 4458 311 4526 Pudet
335 4481 385 4525 me
409 4461 495 4545 quod
520 4463 621 4530 muita
643 4463 840 4552 scripserim,
864 4445 1254 4544 multaiecerim,cu111iu
