2798 4980
439 322 731 449 ‘'aao

117 532 195 598 r'ero
229 534 379 617 originali
415 536 636 618 conferentes,
669 540 700 602 in
734 547 809 605 vota
842 559 1022 624 paucorum
1051 540 1289 627 deputatorum,

69 626 78 635 ⁸
117 660 182 704 uon
211 637 364 706 obstante
398 643 484 726 quod
516 644 679 708 sciverunt
713 645 905 710 sententiam
930 646 1078 730 ajudice
1109 650 1288 732 apostolico
1379 641 1381 645 ¹

117 765 190 809 esse
214 743 384 811 diffinitive
407 746 517 824 latam,
552 756 586 813 et
602 747 696 834 ¹quod
720 751 810 832 Papa
832 771 946 816 manus
970 753 1127 834 apposuit
1145 758 1219 818 cum
1242 756 1289 819 in·

116 848 275 915 bibitione
320 852 469 937 omnibus
507 856 654 938 personis
693 861 726 921 et
755 853 937 938 judicibuS,
977 855 1286 940 determinaverunt,

116 962 154 1022 ut
171 957 284 1041 ajunt,
314 957 538 1024 doctrinaliter
565 960 688 1025 directe
718 966 833 1024 contra
857 961 1052 1025 seutentiam
1075 983 1181 1028 meam
1205 963 1289 1029 diiii-

116 1061 260 1126 uitivam.
307 1063 384 1140 Quae
415 1064 442 1128 si
456 1065 618 1145 transivit
641 1067 675 1130 in¹
696 1087 764 1130 rem
784 1064 966 1148 judicatam
983 1065 1063 1131 facit
1078 1061 1148 1151 'J'us';
1172 1069 1200 1133 si
1222 1090 1287 1134 non

116 1168 278 1246 transivit,
309 1175 346 1233 ut
377 1169 454 1252 ipsi
475 1172 577 1255 ajunt,
611 1178 746 1255 propter
780 1192 892 1244 eorum
915 1171 1179 1254 appellationem,
1210 1178 1287 1238 tunc

115 1270 280 1357 pendente
312 1274 544 1361 appellatione,
574 1282 612 1341 ut
640 1278 717 1361 jura
748 1276 872 1354 dicunt,
904 1275 983 1340 nihil
1014 1275 1112 1342 debet
1141 1278 1288 1368 innovari

114 1400 221 1463 neque
245 1381 444 1475 attemptari.
490 1383 533 1447 Et
556 1383 632 1467 quia
656 1382 762 1449 solum
784 1387 896 1446 tenent
919 1381 1170 1465 appellationem
1194 1396 1286 1450 suam

114 1482 264 1578 frivolam
288 1484 320 1547 in
343 1506 509 1569 suspense,
531 1492 569 1551 ut
584 1508 635 1550 me
651 1487 777 1552 interea
792 1487 832 1551 de
848 1469 945 1567 facto,
970 1487 1009 1551 de
1027 1488 1056 1551 vi
1073 1493 1106 1552 et
1121 1488 1284 1570 violentia,

116 1590 208 1673 cujus
242 1610 296 1653 eos
317 1611 393 1655 -non
427 1590 528 1674 pudet
554 1591 679 1675 plebeis
701 1592 923 1657 infamandum
950 1591 1132 1675 praebeant,
1161 1593 1278 1660 iccirco

115 1717 174 1781 ego
199 1682 403 1761 sanctissimo
436 1696 564 1762 domino
594 1704 705 1762 nostro
737 1699 833 1782 Papae
863 1696 1054 1780 supplicavi,
1086 1684 1286 1764 ut‘causam
1361 1751 1363 1756 .

104 1803 146 1868 'iu
171 1801 263 1867 curia
286 1803 432 1867 Romana
461 1802 558 1867 alicui
588 1825 627 1868 ex
656 1803 933 1868 reverendissimis
961 1802 1179 1868 cardinalibus
1203 1825 1287 1869 com-

113 1910 234 1986 mittat,
270 1913 307 1972 ut
337 1909 468 1974 videant
503 1910 696 1974 sententiam
725 1929 831 1973 meam
855 1905 1047 1973 confirmari.
1093 1908 1136 1972 Et
1158 1909 1221 1972 feci
1243 1908 1286 1974 ad

113 2014 174 2081 hoe
198 2013 422 2099 inquisitorem
455 2013 593 2103 fratrum
627 2003 877 2098 praedicatorum
911 2006 1029 2092 citare,
1063 2018 1101 2077 ut
1132 2034 1285 2097 persona-

107 2115 190 2187 liter
213 2120 323 2184 Romae
356 2123 563 2204 compareat,
592 2121 796 2203 procuratori
828 2141 899 2184 meo
932 2109 1120 2217 inproprie
1142 2140 1283 2203 persona

112 2246 340 2310 responsurmus
375 2225 425 2290 lbi
446 2245 540 2308 spero
560 2226 655 2288 merit
656 2247 674 2290 ο
641 2223 783 2290 finem
798 2245 924 2290 omnem
937 2225 1037 2290 totius
1050 2245 1156 2289 causae
1171 2230 1283 2290 nactu-
1310 2227 1312 2230 ’

115 2351 199 2409 rum,
224 2331 389 2394 Decet'
337 2335 451 2412 tJure
469 2329 641 2395 mediante.
688 2331 795 2408 Quare
812 2350 918 2413 neque
941 2351 992 2394 me
1016 2351 1120 2414 neque
1143 2329 1286 2414 aliquem

114 2457 246 2502 movere
281 2434 379 2500 debet
402 2435 669 2500 Parisiensiumt
656 2435 878 2518 theologorum
902 2435 957 2519 qui
981 2457 1091 2501 omnes
1114 2442 1189 2500 sunt
1211 2457 1287 2520 par·

116 2541 214 2607 tiales
245 2541 471 2606 determinatio
501 2540 703 2606 scholastica.
750 2542 831 2619 Quia
859 2540 938 2604 nihil
961 2540 1048 2605 valet
1069 2541 1204 2625 injure,
1228 2562 1287 2605 nee

117 2652 229 2732 potest
215 2647 346 2711 tmihi
376 2647 600 2766 praejudicium
633 2667 802 2729 generare
835 2645 893 2710 sed
920 2646 1031 2728 pocius
1062 2644 1288 2728 praejudicabit

115 2728 313 2819 adversariis
337 2753 392 2838 qui
410 2754 483 2837 jure
507 2774 565 2817 suo
589 2773 652 2817 non
676 2757 751 2817 sunt
737 2748 893 2828 tconfisi,
917 2749 974 2814 sed
997 2751 1177 2815 invocantt
1179 2770 1286 2833 empo-

115 2834 214 2924 rales¹
229 2857 548 2942 dominos,1mperat
549 2864 672 2923 oreset
687 2858 808 2940 r¹eges
833 2878 888 2940 qur
903 2877 936 2918 111
952 2876 1059 2919 causis
1074 2853 1150 2918 fider
1165 2853 1284 2918 nullam

116 2963 241 3030 habeut
227 2964 477 3047 tcoguitiouem
500 2984 559 3027 nec
583 2984 655 3028 eam
678 2961 874 3026 demandare
898 2965 955 3024 aut
982 2959 1112 3024 commit
1113 2965 1183 3024 etre
1213 2981 1287 3043 pos-

117 3076 203 3136 sunt.
256 3067 372 3134 Deficit
399 3090 558 3153 papyrus,
578 3077 690 3153 'quare
720 3087 820 3132 cesso.
869 3065 955 3130 Vale.
1001 3066 1050 3130 Ex
1080 3064 1284 3149 Studgardia.

117 3177 170 3242 die
195 3172 310 3242 o‘c'tavo
335 3174 485 3240 Octobris
509 3196 592 3240 anuo
620 3179 713 3238 1514.

207 3286 280 3344 Msc.
298 3284 451 3359 Elleubog.
468 3285 517 3343 lib.
533 3284 547 3341 Ι
563 3285 647 3359 epist.
667 3285 708 3342 74
724 3281 772 3341 fol.
792 3284 871 3342 150t
887 3281 931 3341 bis
951 3282 1039 3341 151³.

597 3483 808 3558 CLXXXXV.

191 3573 341 3642 Augsburg.
1038 3573 1068 3621 18
1089 3571 1151 3623 Okt.
1173 3572 1250 3623 1514.
1363 3580 1367 3587 '

434 3644 617 3720 Renchlin
645 3671 694 3718 an
721 3643 977 3742 Questenberg

116 3791 287 3879 empfiehlt
308 3793 374 3857 ihm
396 3792 565 3858 nochmals
587 3791 875 3875 angelegentlichst
890 3791 977 3856 scine
995 3787 1101 3866 sache,
1124 3787 1204 3851 ltsst
1219 3788 1286 3850 ihm

116 3899 223 3965 durch
253 3897 311 3963 das
342 3897 544 3963 welserische
571 3896 737 3963 bankhaus
765 3896 838 3980 geld
862 3894 1049 3960 zukommen
1073 3892 1138 3956 und
1161 3891 1286 3956 sehiekt
1349 3893 1350 3896 ’

114 4006 183 4071 ihm
220 4003 272 4068 die
300 4003 354 4068 fiir
387 4004 475 4067 scine
499 4003 635 4068 anualte
665 4003 871 4067 bestimmten
898 3997 1142 4066 authentischen
1174 3995 1287 4061 akten-

114 4110 241 4177 stiicke.
287 4104 551 4194 Ex'liugusta²,
571 4114 611 4174 18
636 4109 706 4174 Oct.
735 4113 828 4186 1514.

691 4257 710 4294 lt

179 4375 199 4443 Ι1
223 4369 277 4420 Der
294 4368 378 4436 kbnig
396 4386 450 4422 rou
470 4368 632 4420 Frankroich
653 4357 733 4416 nalum
759 4366 845 4417 direlrt
862 4365 946 4431 pautei
963 4378 1048 4429 gagen
1066 4364 1211 4427 Reuchlin;
1231 4365 1284 4431 vgl.
1396 4427 1398 4430 Α

110 4458 245 4518 Reuchlio
264 4473 285 4507 s.
307 4460 366 4515 286.
440 4463 453 4512 2
473 4457 532 4509 Wie
552 4471 599 4511 aus
612 4455 670 4507 dem
683 4454 823 4526 folgenden
835 4452 904 4509 brief
914 4452 1079 4525 hervorgeht,
1100 4468 1154 4504 war
1173 4468 1200 4504 er
1212 4451 1281 4503 nach
