<?xml version="1.0" encoding="UTF-8"?>
<!DOCTYPE html PUBLIC "-//W3C//DTD XHTML 1.0 Transitional//EN"
    "http://www.w3.org/TR/xhtml1/DTD/xhtml1-transitional.dtd">
<html xmlns="http://www.w3.org/1999/xhtml" xml:lang="en" lang="en">
 <head>
  <title>
</title>
<meta http-equiv="Content-Type" content="text/html;charset=utf-8" />
  <meta name='ocr-system' content='tesseract 3.04.00' />
  <meta name='ocr-capabilities' content='ocr_page ocr_carea ocr_par ocr_line ocrx_word'/>
</head>
<body>
  <div class='ocr_page' id='page_1' title='image "./johannreuchlins01reucgoog/johannreuchlins01reucgoog_0359.png"; bbox 0 0 2580 4178; ppageno 0'>
   <div class='ocr_carea' id='block_1_1' title="bbox 620 116 683 183">
    <p class='ocr_par' dir='ltr' id='par_1_1' title="bbox 620 116 683 183">
     <span class='ocr_line' id='line_1_1' title="bbox 620 116 683 183; baseline 0.016 -1"><span class='ocrx_word' id='word_1_1' title='bbox 620 116 683 183; x_wconf 75' lang='lat'>347</span> 
     </span>
    </p>
   </div>
   <div class='ocr_carea' id='block_1_2' title="bbox 11 305 1231 1973">
    <p class='ocr_par' dir='ltr' id='par_1_2' title="bbox 11 305 1231 1873">
     <span class='ocr_line' id='line_1_2' title="bbox 66 305 1231 395; baseline 0.002 -20"><span class='ocrx_word' id='word_1_2' title='bbox 66 330 139 394; x_wconf 86' lang='lat' dir='ltr'>quse</span> <span class='ocrx_word' id='word_1_3' title='bbox 163 306 264 374; x_wconf 87' lang='lat' dir='ltr'>habet</span> <span class='ocrx_word' id='word_1_4' title='bbox 286 308 440 394; x_wconf 84' lang='lat' dir='ltr'>relinquit</span> <span class='ocrx_word' id='word_1_5' title='bbox 464 307 603 376; x_wconf 86' lang='lat' dir='ltr'>divinam</span> <span class='ocrx_word' id='word_1_6' title='bbox 627 307 798 393; x_wconf 85' lang='lat' dir='ltr'>poeticam,</span> <span class='ocrx_word' id='word_1_7' title='bbox 820 308 849 375; x_wconf 90' lang='lat' dir='ltr'>is</span> <span class='ocrx_word' id='word_1_8' title='bbox 869 305 959 376; x_wconf 85' lang='lat' dir='ltr'>haud</span> <span class='ocrx_word' id='word_1_9' title='bbox 983 315 1033 377; x_wconf 83' lang='lat' dir='ltr'>est</span> <span class='ocrx_word' id='word_1_10' title='bbox 1048 331 1086 376; x_wconf 90' lang='lat' dir='ltr'>ea</span> <span class='ocrx_word' id='word_1_11' title='bbox 1102 310 1231 395; x_wconf 64' lang='lat' dir='ltr'>dignum</span> 
     </span>
     <span class='ocr_line' id='line_1_3' title="bbox 66 414 1231 500; baseline 0.004 -22"><span class='ocrx_word' id='word_1_12' title='bbox 66 414 125 498; x_wconf 88' lang='lat' dir='ltr'>qui</span> <span class='ocrx_word' id='word_1_13' title='bbox 148 436 225 480; x_wconf 88' lang='lat' dir='ltr'>vero</span> <span class='ocrx_word' id='word_1_14' title='bbox 249 437 311 480; x_wconf 91' lang='lat' dir='ltr'>non</span> <span class='ocrx_word' id='word_1_15' title='bbox 336 422 386 480; x_wconf 89' lang='lat' dir='ltr'>est</span> <span class='ocrx_word' id='word_1_16' title='bbox 409 436 448 480; x_wconf 88' lang='lat' dir='ltr'>ea</span> <span class='ocrx_word' id='word_1_17' title='bbox 471 414 601 498; x_wconf 86' lang='lat' dir='ltr'>dignus,</span> <span class='ocrx_word' id='word_1_18' title='bbox 623 415 661 479; x_wconf 61' lang='lat' dir='ltr'>,ei</span> <span class='ocrx_word' id='word_1_19' title='bbox 684 415 782 481; x_wconf 90' lang='lat' dir='ltr'>nolim</span> <span class='ocrx_word' id='word_1_20' title='bbox 805 414 951 480; x_wconf 86' lang='lat' dir='ltr'>misteria</span> <span class='ocrx_word' id='word_1_21' title='bbox 977 416 1100 500; x_wconf 85' lang='lat' dir='ltr'>Virgilii</span> <span class='ocrx_word' id='word_1_22' title='bbox 1124 418 1231 483; x_wconf 81' lang='lat' dir='ltr'>ortho</span> 
     </span>
     <span class='ocr_line' id='line_1_4' title="bbox 66 519 1231 607; baseline 0.004 -24"><span class='ocrx_word' id='word_1_23' title='bbox 66 519 298 605; x_wconf 77' lang='lat' dir='ltr'>graphiamque</span> <span class='ocrx_word' id='word_1_24' title='bbox 331 521 579 586; x_wconf 87' lang='lat' dir='ltr'>communicare.</span> <span class='ocrx_word' id='word_1_25' title='bbox 625 520 672 585; x_wconf 85' lang='lat' dir='ltr'>Tu</span> <span class='ocrx_word' id='word_1_26' title='bbox 703 541 793 598; x_wconf 82' lang='lat' dir='ltr'>vero,</span> <span class='ocrx_word' id='word_1_27' title='bbox 825 542 896 586; x_wconf 91' lang='lat' dir='ltr'>cum</span> <span class='ocrx_word' id='word_1_28' title='bbox 929 530 963 585; x_wconf 92' lang='lat' dir='ltr'>et</span> <span class='ocrx_word' id='word_1_29' title='bbox 994 524 1062 586; x_wconf 88' lang='lat' dir='ltr'>sine</span> <span class='ocrx_word' id='word_1_30' title='bbox 1095 525 1231 607; x_wconf 89' lang='lat' dir='ltr'>pecunia</span> 
     </span>
     <span class='ocr_line' id='line_1_5' title="bbox 66 626 1231 711; baseline 0.003 -21"><span class='ocrx_word' id='word_1_31' title='bbox 66 626 182 709; x_wconf 85' lang='lat' dir='ltr'>dignus</span> <span class='ocrx_word' id='word_1_32' title='bbox 210 627 255 691; x_wconf 91' lang='lat' dir='ltr'>sis</span> <span class='ocrx_word' id='word_1_33' title='bbox 281 627 423 691; x_wconf 87' lang='lat' dir='ltr'>Maronis</span> <span class='ocrx_word' id='word_1_34' title='bbox 448 626 638 710; x_wconf 90' lang='lat' dir='ltr'>discipulus,</span> <span class='ocrx_word' id='word_1_35' title='bbox 671 647 729 709; x_wconf 82' lang='lat' dir='ltr'>ego</span> <span class='ocrx_word' id='word_1_36' title='bbox 759 632 835 691; x_wconf 89' lang='lat' dir='ltr'>ate</span> <span class='ocrx_word' id='word_1_37' title='bbox 860 647 921 691; x_wconf 90' lang='lat' dir='ltr'>non</span> <span class='ocrx_word' id='word_1_38' title='bbox 945 627 1034 693; x_wconf 89' lang='lat' dir='ltr'>aliud</span> <span class='ocrx_word' id='word_1_39' title='bbox 1065 629 1231 711; x_wconf 85' lang='lat' dir='ltr'>praemium</span> 
     </span>
     <span class='ocr_line' id='line_1_6' title="bbox 66 731 1230 815; baseline 0.003 -19"><span class='ocrx_word' id='word_1_40' title='bbox 66 739 175 814; x_wconf 90' lang='lat' dir='ltr'>petam</span> <span class='ocrx_word' id='word_1_41' title='bbox 204 733 265 796; x_wconf 87' lang='lat' dir='ltr'>nisi</span> <span class='ocrx_word' id='word_1_42' title='bbox 297 732 381 815; x_wconf 91' lang='lat' dir='ltr'>quod</span> <span class='ocrx_word' id='word_1_43' title='bbox 407 754 468 795; x_wconf 90' lang='lat' dir='ltr'>noo</span> <span class='ocrx_word' id='word_1_44' title='bbox 493 734 648 797; x_wconf 87' lang='lat' dir='ltr'>minorem</span> <span class='ocrx_word' id='word_1_45' title='bbox 672 753 818 814; x_wconf 88' lang='lat' dir='ltr'>apponas</span> <span class='ocrx_word' id='word_1_46' title='bbox 841 752 972 815; x_wconf 81' lang='lat' dir='ltr'>operam</span> <span class='ocrx_word' id='word_1_47' title='bbox 995 731 1127 798; x_wconf 85' lang='lat' dir='ltr'>lectioni</span> <span class='ocrx_word' id='word_1_48' title='bbox 1150 755 1230 799; x_wconf 78' lang='lat' dir='ltr'>meae</span> 
     </span>
     <span class='ocr_line' id='line_1_7' title="bbox 65 836 1231 922; baseline 0.003 -21"><span class='ocrx_word' id='word_1_49' title='bbox 65 838 106 918; x_wconf 87' lang='lat' dir='ltr'>(si</span> <span class='ocrx_word' id='word_1_50' title='bbox 137 838 233 901; x_wconf 90' lang='lat' dir='ltr'>modo</span> <span class='ocrx_word' id='word_1_51' title='bbox 262 836 365 902; x_wconf 84' lang='lat' dir='ltr'>faciat</span> <span class='ocrx_word' id='word_1_52' title='bbox 395 837 570 902; x_wconf 88' lang='lat' dir='ltr'>multitudo</span> <span class='ocrx_word' id='word_1_53' title='bbox 601 837 785 902; x_wconf 88' lang='lat' dir='ltr'>auditorum</span> <span class='ocrx_word' id='word_1_54' title='bbox 816 860 867 902; x_wconf 89' lang='lat' dir='ltr'>me</span> <span class='ocrx_word' id='word_1_55' title='bbox 892 839 1145 922; x_wconf 79' lang='lat' dir='ltr'>continuantem)</span> <span class='ocrx_word' id='word_1_56' title='bbox 1170 841 1231 904; x_wconf 89' lang='lat' dir='ltr'>rir-</span> 
     </span>
     <span class='ocr_line' id='line_1_8' title="bbox 11 943 1230 1031; baseline 0.005 -26"><span class='ocrx_word' id='word_1_57' title='bbox 11 1027 13 1031; x_wconf 12' lang='grc'>,</span> <span class='ocrx_word' id='word_1_58' title='bbox 64 943 191 1026; x_wconf 86' lang='lat' dir='ltr'>gilianae</span> <span class='ocrx_word' id='word_1_59' title='bbox 223 964 319 1026; x_wconf 88' lang='lat' dir='ltr'>quarn</span> <span class='ocrx_word' id='word_1_60' title='bbox 353 943 436 1007; x_wconf 87' lang='lat' dir='ltr'>solet</span> <span class='ocrx_word' id='word_1_61' title='bbox 468 943 522 1027; x_wconf 90' lang='lat' dir='ltr'>qui</span> <span class='ocrx_word' id='word_1_62' title='bbox 553 965 612 1026; x_wconf 89' lang='lat' dir='ltr'>pro</span> <span class='ocrx_word' id='word_1_63' title='bbox 643 943 748 1007; x_wconf 86' lang='lat' dir='ltr'>salute</span> <span class='ocrx_word' id='word_1_64' title='bbox 784 964 842 1007; x_wconf 91' lang='lat' dir='ltr'>sua</span> <span class='ocrx_word' id='word_1_65' title='bbox 874 944 1004 1009; x_wconf 88' lang='lat' dir='ltr'>militat.</span> <span class='ocrx_word' id='word_1_66' title='bbox 1051 945 1165 1010; x_wconf 85' lang='lat' dir='ltr'>Adhuc</span> <span class='ocrx_word' id='word_1_67' title='bbox 1196 953 1230 1015; x_wconf 80' lang='lat' dir='ltr'>et</span> 
     </span>
     <span class='ocr_line' id='line_1_9' title="bbox 63 1048 1228 1134; baseline 0.002 -21"><span class='ocrx_word' id='word_1_68' title='bbox 63 1048 144 1114; x_wconf 90' lang='lat' dir='ltr'>illud</span> <span class='ocrx_word' id='word_1_69' title='bbox 177 1049 236 1113; x_wconf 91' lang='lat' dir='ltr'>abs</span> <span class='ocrx_word' id='word_1_70' title='bbox 268 1055 301 1113; x_wconf 93' lang='lat' dir='ltr'>te</span> <span class='ocrx_word' id='word_1_71' title='bbox 330 1049 439 1126; x_wconf 86' lang='lat' dir='ltr'>velim,</span> <span class='ocrx_word' id='word_1_72' title='bbox 472 1057 508 1112; x_wconf 89' lang='lat' dir='ltr'>ut</span> <span class='ocrx_word' id='word_1_73' title='bbox 531 1049 766 1132; x_wconf 88' lang='lat' dir='ltr'>condiscipulos</span> <span class='ocrx_word' id='word_1_74' title='bbox 795 1056 868 1117; x_wconf 91' lang='lat' dir='ltr'>tuos</span> <span class='ocrx_word' id='word_1_75' title='bbox 901 1051 932 1114; x_wconf 89' lang='lat' dir='ltr'>in</span> <span class='ocrx_word' id='word_1_76' title='bbox 966 1049 1074 1114; x_wconf 84' lang='lat' dir='ltr'>studia</span> <span class='ocrx_word' id='word_1_77' title='bbox 1102 1052 1228 1134; x_wconf 90' lang='lat' dir='ltr'>poetica</span> 
     </span>
     <span class='ocr_line' id='line_1_10' title="bbox 63 1154 1229 1233; baseline 0.001 -12"><span class='ocrx_word' id='word_1_78' title='bbox 63 1154 227 1221; x_wconf 89' lang='lat' dir='ltr'>cohortari</span> <span class='ocrx_word' id='word_1_79' title='bbox 252 1162 285 1220; x_wconf 88' lang='lat' dir='ltr'>et</span> <span class='ocrx_word' id='word_1_80' title='bbox 307 1176 434 1219; x_wconf 88' lang='lat' dir='ltr'>armare</span> <span class='ocrx_word' id='word_1_81' title='bbox 457 1176 521 1218; x_wconf 88' lang='lat' dir='ltr'>non</span> <span class='ocrx_word' id='word_1_82' title='bbox 545 1176 667 1233; x_wconf 79' lang='lat' dir='ltr'>cesses,</span> <span class='ocrx_word' id='word_1_83' title='bbox 699 1176 771 1219; x_wconf 89' lang='lat' dir='ltr'>cum</span> <span class='ocrx_word' id='word_1_84' title='bbox 802 1163 838 1218; x_wconf 88' lang='lat' dir='ltr'>tu</span> <span class='ocrx_word' id='word_1_85' title='bbox 862 1155 945 1220; x_wconf 88' lang='lat' dir='ltr'>scias</span> <span class='ocrx_word' id='word_1_86' title='bbox 969 1154 1056 1219; x_wconf 89' lang='lat' dir='ltr'>nulla</span> <span class='ocrx_word' id='word_1_87' title='bbox 1080 1178 1139 1221; x_wconf 87' lang='lat' dir='ltr'>uos</span> <span class='ocrx_word' id='word_1_88' title='bbox 1163 1157 1229 1222; x_wconf 89' lang='lat' dir='ltr'>alia</span> 
     </span>
     <span class='ocr_line' id='line_1_11' title="bbox 63 1259 1229 1344; baseline 0 -18"><span class='ocrx_word' id='word_1_89' title='bbox 63 1283 99 1326; x_wconf 88' lang='lat' dir='ltr'>re</span> <span class='ocrx_word' id='word_1_90' title='bbox 124 1282 218 1344; x_wconf 89' lang='lat' dir='ltr'>posse</span> <span class='ocrx_word' id='word_1_91' title='bbox 241 1259 312 1326; x_wconf 89' lang='lat' dir='ltr'>fieri</span> <span class='ocrx_word' id='word_1_92' title='bbox 334 1261 462 1325; x_wconf 90' lang='lat' dir='ltr'>nomine</span> <span class='ocrx_word' id='word_1_93' title='bbox 493 1260 700 1325; x_wconf 86' lang='lat' dir='ltr'>immortales.</span> <span class='ocrx_word' id='word_1_94' title='bbox 746 1261 810 1325; x_wconf 86' lang='lat' dir='ltr'>Fac</span> <span class='ocrx_word' id='word_1_95' title='bbox 834 1262 877 1325; x_wconf 91' lang='lat' dir='ltr'>sis</span> <span class='ocrx_word' id='word_1_96' title='bbox 911 1267 1056 1326; x_wconf 87' lang='lat' dir='ltr'>attentus</span> <span class='ocrx_word' id='word_1_97' title='bbox 1091 1269 1124 1326; x_wconf 89' lang='lat' dir='ltr'>et</span> <span class='ocrx_word' id='word_1_98' title='bbox 1154 1269 1229 1327; x_wconf 90' lang='lat' dir='ltr'>tuos</span> 
     </span>
     <span class='ocr_line' id='line_1_12' title="bbox 63 1364 1228 1432; baseline 0 0"><span class='ocrx_word' id='word_1_99' title='bbox 63 1367 192 1432; x_wconf 90' lang='lat' dir='ltr'>sodales</span> <span class='ocrx_word' id='word_1_100' title='bbox 216 1367 248 1430; x_wconf 90' lang='lat' dir='ltr'>in</span> <span class='ocrx_word' id='word_1_101' title='bbox 272 1366 434 1431; x_wconf 79' lang='lat' dir='ltr'>latinitate</span> <span class='ocrx_word' id='word_1_102' title='bbox 459 1364 621 1431; x_wconf 89' lang='lat' dir='ltr'>confirma.</span> <span class='ocrx_word' id='word_1_103' title='bbox 662 1366 879 1431; x_wconf 88' lang='lat' dir='ltr'>Baccalaureo</span> <span class='ocrx_word' id='word_1_104' title='bbox 903 1365 1061 1431; x_wconf 84' lang='lat' dir='ltr'>Gerster¹</span> <span class='ocrx_word' id='word_1_105' title='bbox 1086 1366 1228 1432; x_wconf 90' lang='lat' dir='ltr'>scribere</span> 
     </span>
     <span class='ocr_line' id='line_1_13' title="bbox 48 1470 1228 1555; baseline -0.001 -17"><span class='ocrx_word' id='word_1_106' title='bbox 48 1472 272 1538; x_wconf 84' lang='lat' dir='ltr'>constituisse</span> <span class='ocrx_word' id='word_1_107' title='bbox 301 1473 322 1551; x_wconf 82' lang='lat'>²,</span> <span class='ocrx_word' id='word_1_108' title='bbox 346 1471 404 1536; x_wconf 88' lang='lat' dir='ltr'>sed</span> <span class='ocrx_word' id='word_1_109' title='bbox 437 1473 514 1555; x_wconf 89' lang='lat' dir='ltr'>quia</span> <span class='ocrx_word' id='word_1_110' title='bbox 544 1472 624 1537; x_wconf 88' lang='lat' dir='ltr'>hora</span> <span class='ocrx_word' id='word_1_111' title='bbox 654 1471 882 1554; x_wconf 89' lang='lat' dir='ltr'>resumptionis</span> <span class='ocrx_word' id='word_1_112' title='bbox 913 1470 1099 1536; x_wconf 85' lang='lat' dir='ltr'>salustianae</span> <span class='ocrx_word' id='word_1_113' title='bbox 1131 1473 1228 1551; x_wconf 84' lang='lat' dir='ltr'>venit,</span> 
     </span>
     <span class='ocr_line' id='line_1_14' title="bbox 62 1577 1230 1662; baseline -0.001 -19"><span class='ocrx_word' id='word_1_114' title='bbox 62 1599 121 1662; x_wconf 84' lang='lat' dir='ltr'>ego</span> <span class='ocrx_word' id='word_1_115' title='bbox 145 1577 281 1661; x_wconf 87' lang='lat' dir='ltr'>posthac</span> <span class='ocrx_word' id='word_1_116' title='bbox 305 1578 421 1661; x_wconf 84' lang='lat' dir='ltr'>saepius</span> <span class='ocrx_word' id='word_1_117' title='bbox 445 1578 486 1642; x_wconf 89' lang='lat' dir='ltr'>ad</span> <span class='ocrx_word' id='word_1_118' title='bbox 510 1598 583 1643; x_wconf 89' lang='lat' dir='ltr'>eum</span> <span class='ocrx_word' id='word_1_119' title='bbox 608 1577 692 1642; x_wconf 85' lang='lat' dir='ltr'>dabo</span> <span class='ocrx_word' id='word_1_120' title='bbox 717 1577 837 1642; x_wconf 86' lang='lat' dir='ltr'>literas.</span> <span class='ocrx_word' id='word_1_121' title='bbox 876 1577 946 1641; x_wconf 89' lang='lat' dir='ltr'>Hoc</span> <span class='ocrx_word' id='word_1_122' title='bbox 970 1578 999 1641; x_wconf 88' lang='lat' dir='ltr'>ei</span> <span class='ocrx_word' id='word_1_123' title='bbox 1024 1577 1132 1655; x_wconf 78' lang='lat' dir='ltr'>dicito,</span> <span class='ocrx_word' id='word_1_124' title='bbox 1156 1578 1230 1642; x_wconf 85' lang='lat' dir='ltr'>Ser·</span> 
     </span>
     <span class='ocr_line' id='line_1_15' title="bbox 61 1683 1226 1768; baseline 0.001 -22"><span class='ocrx_word' id='word_1_125' title='bbox 61 1684 148 1748; x_wconf 90' lang='lat' dir='ltr'>vium</span> <span class='ocrx_word' id='word_1_126' title='bbox 179 1704 285 1748; x_wconf 87' lang='lat' dir='ltr'>meum</span> <span class='ocrx_word' id='word_1_127' title='bbox 317 1705 388 1748; x_wconf 88' lang='lat' dir='ltr'>esse</span> <span class='ocrx_word' id='word_1_128' title='bbox 421 1683 647 1749; x_wconf 84' lang='lat' dir='ltr'>venundatum.</span> <span class='ocrx_word' id='word_1_129' title='bbox 695 1683 790 1761; x_wconf 88' lang='lat' dir='ltr'>Vale,</span> <span class='ocrx_word' id='word_1_130' title='bbox 823 1704 880 1766; x_wconf 84' lang='lat' dir='ltr'>ego</span> <span class='ocrx_word' id='word_1_131' title='bbox 904 1683 945 1747; x_wconf 89' lang='lat' dir='ltr'>ad</span> <span class='ocrx_word' id='word_1_132' title='bbox 971 1684 1226 1768; x_wconf 89' lang='lat' dir='ltr'>resumpcionem</span> 
     </span>
     <span class='ocr_line' id='line_1_16' title="bbox 61 1789 409 1873; baseline -0.003 -19"><span class='ocrx_word' id='word_1_133' title='bbox 61 1790 294 1873; x_wconf 89' lang='lat' dir='ltr'>discipulorum</span> <span class='ocrx_word' id='word_1_134' title='bbox 318 1789 409 1853; x_wconf 84' lang='lat' dir='ltr'>vade.</span> 
     </span>
    </p>

    <p class='ocr_par' dir='ltr' id='par_1_3' title="bbox 151 1898 1224 1973">
     <span class='ocr_line' id='line_1_17' title="bbox 151 1898 1224 1973; baseline -0.002 -14"><span class='ocrx_word' id='word_1_135' title='bbox 151 1898 313 1959; x_wconf 88' lang='lat' dir='ltr'>Handschr.</span> <span class='ocrx_word' id='word_1_136' title='bbox 333 1921 373 1952; x_wconf 69' lang='grc' dir='ltr'>ε</span> <span class='ocrx_word' id='word_1_137' title='bbox 392 1900 433 1958; x_wconf 78' lang='lat' dir='ltr'>St.</span> <span class='ocrx_word' id='word_1_138' title='bbox 451 1898 564 1973; x_wconf 82' lang='lat' dir='ltr'>Gallos,</span> <span class='ocrx_word' id='word_1_139' title='bbox 589 1899 659 1960; x_wconf 77' lang='lat' dir='ltr'>rad.</span> <span class='ocrx_word' id='word_1_140' title='bbox 682 1899 750 1959; x_wconf 90' lang='lat' dir='ltr'>bibl.</span> <span class='ocrx_word' id='word_1_141' title='bbox 774 1915 836 1959; x_wconf 90' lang='lat' dir='ltr'>nro.</span> <span class='ocrx_word' id='word_1_142' title='bbox 857 1901 929 1972; x_wconf 83' lang='lat'><strong>569,</strong></span> <span class='ocrx_word' id='word_1_143' title='bbox 954 1915 1090 1973; x_wconf 58' lang='lat' dir='ltr'>unpagg„</span> <span class='ocrx_word' id='word_1_144' title='bbox 1112 1903 1124 1957; x_wconf 94' lang='lat' dir='ltr'>l</span> <span class='ocrx_word' id='word_1_145' title='bbox 1144 1901 1224 1958; x_wconf 87' lang='lat' dir='ltr'>scite.</span> 
     </span>
    </p>
   </div>
   <div class='ocr_carea' id='block_1_3' title="bbox 132 2135 1189 2290">
    <p class='ocr_par' dir='ltr' id='par_1_4' title="bbox 132 2135 1189 2290">
     <span class='ocr_line' id='line_1_18' title="bbox 640 2135 655 2183; baseline 0 0"><span class='ocrx_word' id='word_1_146' title='bbox 640 2135 655 2183; x_wconf 85' lang='lat' dir='ltr'>a</span> 
     </span>
     <span class='ocr_line' id='line_1_19' title="bbox 132 2137 1189 2290; baseline 0.002 -17"><span class='ocrx_word' id='word_1_147' title='bbox 132 2224 250 2290; x_wconf 67' lang='lat' dir='ltr'>(aaron)</span> <span class='ocrx_word' id='word_1_148' title='bbox 624 2137 638 2201; x_wconf 72' lang='grc' dir='ltr'>Ι</span> <span class='ocrx_word' id='word_1_149' title='bbox 659 2189 665 2202; x_wconf 78' lang='grc'>’</span> <span class='ocrx_word' id='word_1_150' title='bbox 1078 2226 1189 2290; x_wconf 76' lang='lat' dir='ltr'>(rrrrr)</span> 
     </span>
    </p>
   </div>
   <div class='ocr_carea' id='block_1_4' title="bbox 314 2312 968 2414">
    <p class='ocr_par' dir='ltr' id='par_1_5' title="bbox 314 2312 968 2414">
     <span class='ocr_line' id='line_1_20' title="bbox 314 2312 968 2414; baseline 0 -28"><span class='ocrx_word' id='word_1_151' title='bbox 314 2312 509 2414; x_wconf 69' lang='lat' dir='ltr'>[Reuchlin</span> <span class='ocrx_word' id='word_1_152' title='bbox 529 2339 577 2384; x_wconf 83' lang='lat' dir='ltr'>an</span> <span class='ocrx_word' id='word_1_153' title='bbox 596 2314 718 2388; x_wconf 81' lang='lat' dir='ltr'>Jacob</span> <span class='ocrx_word' id='word_1_154' title='bbox 738 2314 908 2412; x_wconf 82' lang='lat' dir='ltr'>Hugonis</span> <span class='ocrx_word' id='word_1_155' title='bbox 930 2313 968 2414; x_wconf 77' lang='lat'>³.]</span> 
     </span>
    </p>
   </div>
   <div class='ocr_carea' id='block_1_5' title="bbox 54 2475 1225 3195">
    <p class='ocr_par' dir='ltr' id='par_1_6' title="bbox 54 2475 1267 3195">
     <span class='ocr_line' id='line_1_21' title="bbox 146 2475 1225 2562; baseline 0.001 -21"><span class='ocrx_word' id='word_1_156' title='bbox 146 2475 216 2541; x_wconf 88' lang='lat' dir='ltr'>Non</span> <span class='ocrx_word' id='word_1_157' title='bbox 246 2498 377 2561; x_wconf 88' lang='lat' dir='ltr'>possum</span> <span class='ocrx_word' id='word_1_158' title='bbox 404 2498 467 2541; x_wconf 91' lang='lat' dir='ltr'>non</span> <span class='ocrx_word' id='word_1_159' title='bbox 498 2477 662 2555; x_wconf 74' lang='lat' dir='ltr'>admirari,</span> <span class='ocrx_word' id='word_1_160' title='bbox 686 2477 809 2544; x_wconf 85' lang='lat' dir='ltr'>Jacobs</span> <span class='ocrx_word' id='word_1_161' title='bbox 834 2477 991 2560; x_wconf 81' lang='lat' dir='ltr'>Hugonis‚</span> <span class='ocrx_word' id='word_1_162' title='bbox 1014 2477 1225 2562; x_wconf 77' lang='lat' dir='ltr'>philosophiae</span> 
     </span>
     <span class='ocr_line' id='line_1_22' title="bbox 54 2582 1223 2666; baseline 0.001 -20"><span class='ocrx_word' id='word_1_163' title='bbox 54 2582 213 2666; x_wconf 83' lang='lat' dir='ltr'>magister</span> <span class='ocrx_word' id='word_1_164' title='bbox 245 2584 441 2666; x_wconf 80' lang='lat' dir='ltr'>gravissime,</span> <span class='ocrx_word' id='word_1_165' title='bbox 471 2583 671 2666; x_wconf 86' lang='lat' dir='ltr'>quorundam</span> <span class='ocrx_word' id='word_1_166' title='bbox 704 2582 933 2666; x_wconf 89' lang='lat' dir='ltr'>discipulorum</span> <span class='ocrx_word' id='word_1_167' title='bbox 958 2582 1223 2665; x_wconf 81' lang='lat' dir='ltr'>ingratitudinem</span> 
     </span>
     <span class='ocr_line' id='line_1_23' title="bbox 55 2687 1223 2772; baseline 0 -20"><span class='ocrx_word' id='word_1_168' title='bbox 55 2689 145 2753; x_wconf 90' lang='lat' dir='ltr'>velut</span> <span class='ocrx_word' id='word_1_169' title='bbox 174 2688 304 2753; x_wconf 84' lang='lat' dir='ltr'>Euathli</span> <span class='ocrx_word' id='word_1_170' title='bbox 334 2691 384 2754; x_wconf 91' lang='lat' dir='ltr'>cui</span> <span class='ocrx_word' id='word_1_171' title='bbox 409 2689 618 2770; x_wconf 80' lang='lat' dir='ltr'>Protagoram</span> <span class='ocrx_word' id='word_1_172' title='bbox 653 2689 751 2753; x_wconf 85' lang='lat' dir='ltr'>fuisse</span> <span class='ocrx_word' id='word_1_173' title='bbox 784 2697 1017 2772; x_wconf 74' lang='lat' dir='ltr'>praeceptorem</span> <span class='ocrx_word' id='word_1_174' title='bbox 1041 2687 1223 2772; x_wconf 88' lang='lat' dir='ltr'>perhibent,</span> 
     </span>
     <span class='ocr_line' id='line_1_24' title="bbox 55 2793 1224 2880; baseline 0.001 -22"><span class='ocrx_word' id='word_1_175' title='bbox 55 2796 159 2859; x_wconf 87' lang='lat' dir='ltr'>virum</span> <span class='ocrx_word' id='word_1_176' title='bbox 186 2797 271 2860; x_wconf 88' lang='lat' dir='ltr'>inter</span> <span class='ocrx_word' id='word_1_177' title='bbox 302 2797 459 2880; x_wconf 83' lang='lat' dir='ltr'>primatos</span> <span class='ocrx_word' id='word_1_178' title='bbox 483 2795 647 2860; x_wconf 89' lang='lat' dir='ltr'>rhetorum</span> <span class='ocrx_word' id='word_1_179' title='bbox 673 2795 850 2879; x_wconf 86' lang='lat' dir='ltr'>sophistam</span> <span class='ocrx_word' id='word_1_180' title='bbox 876 2802 909 2857; x_wconf 86' lang='lat' dir='ltr'>et</span> <span class='ocrx_word' id='word_1_181' title='bbox 933 2793 1166 2876; x_wconf 76' lang='lat' dir='ltr'>periucundum</span> <span class='ocrx_word' id='word_1_182' title='bbox 1192 2800 1224 2859; x_wconf 92' lang='lat' dir='ltr'>et</span> 
     </span>
     <span class='ocr_line' id='line_1_25' title="bbox 54 2900 1223 2985; baseline 0 -21"><span class='ocrx_word' id='word_1_183' title='bbox 54 2901 245 2983; x_wconf 86' lang='lat' dir='ltr'>perdoctum</span> <span class='ocrx_word' id='word_1_184' title='bbox 263 2903 368 2985; x_wconf 89' lang='lat' dir='ltr'>utqui</span> <span class='ocrx_word' id='word_1_185' title='bbox 386 2903 604 2966; x_wconf 82' lang='lat' dir='ltr'>Democritum</span> <span class='ocrx_word' id='word_1_186' title='bbox 621 2902 653 2964; x_wconf 89' lang='lat' dir='ltr'>in</span> <span class='ocrx_word' id='word_1_187' title='bbox 670 2900 838 2984; x_wconf 88' lang='lat' dir='ltr'>disciplina</span> <span class='ocrx_word' id='word_1_188' title='bbox 856 2901 898 2965; x_wconf 89' lang='lat' dir='ltr'>sit</span> <span class='ocrx_word' id='word_1_189' title='bbox 921 2907 1125 2984; x_wconf 69' lang='lat' dir='ltr'>assequutus</span> <span class='ocrx_word' id='word_1_190' title='bbox 1151 2922 1223 2964; x_wconf 89' lang='lat' dir='ltr'>eum</span> 
     </span>
     <span class='ocr_line' id='line_1_26' title="bbox 54 3006 1224 3090; baseline -0.001 -21"><span class='ocrx_word' id='word_1_191' title='bbox 54 3006 303 3088; x_wconf 81' lang='lat' dir='ltr'>Prothagoram,</span> <span class='ocrx_word' id='word_1_192' title='bbox 329 3029 399 3071; x_wconf 92' lang='lat' dir='ltr'>cum</span> <span class='ocrx_word' id='word_1_193' title='bbox 425 3016 510 3072; x_wconf 84' lang='lat' dir='ltr'>esset</span> <span class='ocrx_word' id='word_1_194' title='bbox 535 3008 693 3072; x_wconf 79' lang='lat' dir='ltr'>Euat-blus</span> <span class='ocrx_word' id='word_1_195' title='bbox 717 3006 758 3071; x_wconf 88' lang='lat' dir='ltr'>ab</span> <span class='ocrx_word' id='word_1_196' title='bbox 782 3008 853 3090; x_wconf 89' lang='lat' dir='ltr'>ipso</span> <span class='ocrx_word' id='word_1_197' title='bbox 878 3007 978 3088; x_wconf 82' lang='lat' dir='ltr'>longis</span> <span class='ocrx_word' id='word_1_198' title='bbox 1003 3006 1094 3069; x_wconf 88' lang='lat' dir='ltr'>annis</span> <span class='ocrx_word' id='word_1_199' title='bbox 1119 3006 1224 3069; x_wconf 87' lang='lat' dir='ltr'>erudi·</span> 
     </span>
     <span class='ocr_line' id='line_1_27' title="bbox 54 3110 1222 3195; baseline 0 -20"><span class='ocrx_word' id='word_1_200' title='bbox 54 3119 118 3189; x_wconf 77' lang='lat' dir='ltr'>tue,</span> <span class='ocrx_word' id='word_1_201' title='bbox 151 3112 198 3176; x_wconf 92' lang='lat' dir='ltr'>uti</span> <span class='ocrx_word' id='word_1_202' title='bbox 224 3114 292 3193; x_wconf 83' lang='lat' dir='ltr'>jam</span> <span class='ocrx_word' id='word_1_203' title='bbox 324 3113 411 3177; x_wconf 90' lang='lat' dir='ltr'>baud</span> <span class='ocrx_word' id='word_1_204' title='bbox 446 3114 660 3195; x_wconf 76' lang='lat' dir='ltr'>inelegantem</span> <span class='ocrx_word' id='word_1_205' title='bbox 692 3121 854 3178; x_wconf 86' lang='lat' dir='ltr'>oratorem</span> <span class='ocrx_word' id='word_1_206' title='bbox 886 3135 919 3176; x_wconf 87' lang='lat' dir='ltr'>sc</span> <span class='ocrx_word' id='word_1_207' title='bbox 944 3110 1089 3195; x_wconf 87' lang='lat' dir='ltr'>profiteri</span> <span class='ocrx_word' id='word_1_208' title='bbox 1113 3133 1222 3176; x_wconf 88' lang='lat' dir='ltr'>coram</span> 
     </span>
    </p>
   </div>
   <div class='ocr_carea' id='block_1_6' title="bbox 0 0 1294 4178">
    <p class='ocr_par' dir='ltr' id='par_1_7' title="bbox 0 0 1294 4178">
     <span class='ocr_line' id='line_1_28' title="bbox 0 0 1294 4178; baseline 0 3"><span class='ocrx_word' id='word_1_209' title='bbox 0 0 1294 4178; x_wconf 95' lang='lat' dir='ltr'> </span> 
     </span>
    </p>
   </div>
  </div>
 </body>
</html>
