2798 4980
677 273 743 340 309

94 483 184 532 cum
207 464 243 531 in
265 462 441 533 Germania
463 463 675 552 Raymnndus
699 462 781 531 diva
806 464 969 533 memoriae
986 464 1168 533 cardinalis
1191 467 1226 534 P.
1250 468 1282 534 S.

94 568 227 637 Mariae
256 591 345 636 nova
373 570 516 657 legatum
545 571 632 638 sedis
662 570 850 656 apostolica
883 577 1022 655 gereret,
1051 571 1110 638 ubi
1139 592 1198 656 ego
1227 573 1282 640 ille

94 676 279 757 Reuchlin,
303 678 359 762 qui
382 684 416 743 et
431 677 586 761 (lapnion,
608 676 687 741 nihil
704 676 786 744 lucri
810 676 851 743 de
868 675 1008 743 ecclesia
1023 698 1173 762 sperans3
1196 698 1285 745 eram

94 781 206 863 enim,
231 787 269 847 ut
291 803 371 863 sum,
396 782 689 850 ecclesiasticorum
706 781 937 849 beneficiorum
953 787 987 848 et
1002 790 1215 867 proventuum
1238 785 1285 850 in·

94 887 226 973 dignus
255 893 289 954 et
319 888 470 973 incapax,
497 888 600 955 laicus
634 895 668 954 et
700 887 848 977 digamus
871 908 976 974 neque
999 908 1136 974 usquam
1159 888 1283 974 aliquid

94 1000 232 1077 praeter
253 992 316 1059 ΧΠ
338 1013 439 1079 agnos
462 992 516 1059 dei
538 994 707 1079 recipiens.
743 993 960 1061 Nihilominus
988 994 1154 1061 tamenin
1177 1002 1284 1061 extre·

94 1119 198 1166 mum
227 1097 408 1184 pericnlum
440 1104 629 1166 constanter
651 1100 744 1184 poeni
767 1105 801 1166 et
823 1100 923 1166 vitam
948 1106 981 1166 et
1004 1104 1107 1165 totam
1130 1099 1179 1165 rei
1201 1119 1281 1165 meae

94 1202 281 1271 familiaris
309 1202 594 1291 quantulacunque
625 1210 677 1273 est
705 1205 923 1272 substantiam
954 1211 1070 1272 eontra
1097 1205 1282 1290 potentissi-

94 1331 191 1391 mos,
213 1330 275 1394 pro
299 1307 437 1377 ccclesia
450 1311 606 1389 Romana,
634 1315 775 1376 testante
798 1309 853 1376 illo
877 1309 989 1376 eodem
1012 1309 1281 1377 reverendissimo

94 1416 183 1483 divo
216 1414 405 1501 Raymuudo
434 1436 494 1500 per
528 1415 653 1499 signnm
683 1415 806 1499 proprii
840 1414 1079 1500 chirographi¹
1102 1437 1142 1482 ac
1165 1437 1280 1484 manus

94 1542 176 1590 suae
203 1519 418 1605 multiplicem
451 1520 736 1605 subscriptionem,
766 1541 863 1606 quem
898 1519 948 1586 his
971 1521 1075 1588 literis
1103 1521 1280 1589 introclusi.

94 1628 146 1694 At
174 1643 276 1713 quarn
298 1624 429 1693 fortiter
452 1631 486 1692 et
507 1625 755 1710 magnanimiter
779 1624 998 1691 dimicaverim
1021 1646 1081 1710 pro
1105 1627 1182 1693 sede
1205 1648 1282 1713 apo·

94 1731 228 1801 stolica
250 1752 309 1816 ego
325 1736 359 1798 et
373 1730 476 1798 laicus
501 1737 534 1798 et
556 1729 703 1816 digamus
728 1738 762 1798 et
785 1731 874 1797 nulla
889 1728 979 1795 lucra
1002 1730 1064 1797 nisi
1087 1730 1196 1798 divina
1211 1753 1283 1817 spe·

94 1859 195 1919 rans,
220 1857 261 1903 cx
282 1834 333 1904 bis
355 1835 488 1903 inclusis
515 1857 682 1921 cognosce,
706 1857 790 1923 quae
815 1844 848 1902 et
871 1835 973 1902 oculis
997 1855 1111 1902 cernas
1135 1843 1169 1902 et
1191 1858 1282 1904 sanc·

94 1943 235 2012 tissime
251 1941 350 2009 Leoni
367 1941 532 2022 ostendas,
547 1941 695 2009 obtestor
719 1949 753 2007 et
775 1941 974 2020 obsecrant
997 1941 1139 2025 supersit
1162 1941 1278 2008 saltem

94 2048 222 2136 aliqua
256 2046 422 2132 gratitudo
459 2047 546 2130 apud
581 2046 691 2114 sedem
715 2049 902 2126 Romanam,
934 2052 1136 2132 quapropter
1166 2048 1278 2114 caeteri

94 2152 249 2241 posthac
272 2150 376 2218 eidem
400 2151 591 2218 benefacere
614 2152 802 2219 invitentur.
849 2151 939 2219 Auch
971 2151 1073 2217 durch
1097 2152 1186 2218 scine
1211 2152 1279 2220 wie·

94 2254 382 2327 senschaitlichen
412 2256 593 2342 leistungen
623 2257 677 2324 liir
703 2258 756 2324 die
780 2256 978 2342 griechiscbe
1000 2256 1067 2325 und
1089 2256 1281 2326 hebraische

94 2360 250 2451 aptache
273 2360 357 2428 habe
381 2383 417 2427 er
439 2362 508 2429 sich
531 2385 584 2429 um
609 2363 660 2430 die
677 2363 787 2429 birche
811 2363 958 2428 verdient
972 2364 1130 2448 gemacht,
1154 2365 1281 2432 endlich

95 2468 215 2538 durch
245 2469 334 2535 seine
363 2473 405 2535 28
431 2468 557 2555 jahre²
591 2469 666 2554 lang
700 2469 773 2564 dem
807 2468 1058 2556 predigerordeu
1088 2471 1282 2538 erwiesenen

96 2582 229 2644 menen
251 2573 386 2641 dienste.
433 2573 638 2658 Stutgardiae,
660 2573 703 2640 id.
728 2575 806 2640 Nor.
833 2579 927 2640 1518.

202 2700 366 2761 Handscbr.
391 2719 434 2758 =
455 2700 533 2762 Berl.
558 2715 642 2761 mser.
667 2699 717 2760 iol.
741 2704 796 2772 26;
821 2701 900 2759 2:
916 2698 1116 2772 Friedltnder,
1152 2698 1281 2774 beitrage

104 2826 132 2870 s.
160 2808 204 2868 83
229 2806 274 2868 bis
296 2806 349 2867 85.

609 3119 788 3189 CCLXXV.

180 3213 366 3265 orteeneuren.
1026 3210 1057 3259 re
1077 3207 1143 3259 nov.
1166 3209 1243 3259 rurs.

107 3304 242 3379 Frater
254 3300 433 3377 Nicolaus
445 3296 634 3398 Ellenbog
643 3297 784 3373 Joanni
796 3295 980 3372 Reuchlin
993 3295 1195 3372 Phorccnsi
1204 3322 1231 3370 s.
1242 3295 1277 3372 d.

203 3465 320 3531 Paucis
335 3463 509 3530 admodum
521 3464 696 3530 transactis
709 3453 824 3528 diebus
838 3460 850 3500 ³
867 3461 942 3528 dedi
956 3462 1000 3529 ad
1016 3468 1049 3529 te
1065 3464 1187 3544 literas,
1203 3462 1283 3530 inte-

110 3559 254 3659 g'errime
278 3571 334 3648 vir,
358 3569 475 3655 quibus
497 3590 605 3634 meum
621 3569 654 3633 iu
676 3575 709 3633 te
733 3567 875 3633 animum
899 3566 1140 3652 paratissimum
1165 3568 1282 3646 detexi,

109 3681 211 3747 immo
236 3676 357 3742 dudum
372 3674 433 3743 tibi
455 3681 565 3741 notam
582 3672 783 3739 voluntatem
806 3673 838 3738 in
862 3672 951 3740 nullo
966 3674 1172 3739 immutatam
1188 3674 1282 3750 scias,

110 3785 161 3851 tui
184 3782 270 3849 enim
301 3781 439 3847 nominis
468 3786 502 3845 ct
533 3779 664 3845 honoris
687 3798 868 3862 praeconem
899 3799 949 3842 me
980 3799 1051 3843 esse
1075 3784 1164 3842 certo
1188 3777 1282 3841 scias.

110 3891 157 3956 Et
183 3889 212 3956 si
239 3888 318 3955 licet
345 3886 483 3970 ineptire
514 3885 548 3950 in
576 3884 763 3969 insipientia
791 3883 863 3948 dico
894 3882 1020 3965 (verum
1043 3888 1152 3946 muron
1175 3879 1283 3945 dicere

112 4016 178 4061 non
202 3991 384 4079 erubesco),
409 3991 498 4059 nulla
512 3991 684 4057 missarum
715 3987 818 4054 officia
833 4006 989 4071 peragere
1013 3984 1110 4064 soleo,
1134 3984 1211 4070 quin
1234 3984 1283 4051 tui

628 4235 631 4244 .
692 4176 710 4215 *

185 4306 280 4376 lVgl.
307 4307 374 4358 oben
401 4325 456 4360 nro.
482 4308 613 4361 LXXXII.
690 4304 896 4360 ti'riedlbnder
918 4304 1014 4359 druclrt
1038 4305 1200 4375 duotrigluta
1223 4314 1287 4359 atatt

112 4397 316 4471 duodetriginta.
391 4399 405 4448 t
425 4398 451 4452 S.
470 4399 486 4455 5
506 4399 572 4451 Nor.
594 4398 669 4471 aaut,
688 4396 755 4454 obca
775 4411 830 4450 aro.
850 4394 986 4450 CCBXIX.
