2798 4980
672 356 737 423 259

111 543 309 628 Reuchlina,
338 547 442 614 literis
473 546 535 613 tibi
565 548 688 631 gratias
719 566 816 629 agere
848 567 908 629 pro
939 545 1050 613 codice
1069 548 1098 628 ¹,
1137 547 1198 614 hoc
1234 553 1285 615 est

112 652 238 719 deliciis
259 651 337 731 tuis,
360 649 455 718 nobis
480 651 683 718 commodato
707 652 822 728 missis,
846 651 906 717 sed
928 652 1107 719 Frobenius
1129 653 1162 718 in
1185 673 1285 719 cansa

111 757 188 838 fuit,
222 756 279 842 qui
301 777 353 821 me
385 777 448 821 non
472 758 640 822 admonito
663 757 781 822 librum
805 758 986 824 remiserat.
1034 759 1163 825 Nanias
1195 780 1285 825 meas

112 869 170 929 tuo
205 861 268 928 hoc
303 867 354 927 est
392 861 570 926 doctissimi
605 862 781 946 optimique
818 863 880 927 riri
914 863 1040 929 calculo
1078 863 1284 948 comprobari

112 966 322 1034 vehementer
344 965 479 1049 gaudeo.
525 966 696 1048 Caeterum,
720 967 807 1053 quod
830 974 887 1033 tua
902 990 968 1051 prae
991 971 1072 1036 meis
1096 970 1283 1050 contemnis,

112 1094 172 1158 age
195 1093 238 1137 ne
260 1071 354 1137 nimis
378 1072 490 1150 amice,
515 1077 548 1137 et
575 1072 720 1137 modeste
742 1071 816 1155 plus
847 1073 935 1138 satis.
981 1075 1024 1139 Et
1045 1074 1283 1140 infelicitatem
1363 1136 1368 1152 ,

112 1183 204 1243 tuam
237 1175 411 1260 deploras?
448 1177 504 1261 qui
536 1175 733 1242 foelioissimo
763 1178 818 1242 illo
852 1177 960 1244 seculo
994 1179 1112 1245 videris
1144 1179 1282 1261 ltaliam,

111 1280 250 1348 florente
272 1280 424 1364 Agricola
440 1281 469 1361 ²,
493 1281 672 1362 Politiano,
696 1281 880 1363 Hermolao,
907 1284 992 1365 Pico,
1017 1284 1069 1350 cui
1091 1290 1159 1349 tam
1181 1285 1281 1366 varia,

112 1386 427 1472 tanqnerecondita
449 1387 625 1470 contigerit
647 1387 798 1467 eruditio,
822 1389 943 1473 quitot
965 1391 1179 1456 summatibus
1203 1391 1281 1456 viris

112 1499 211 1559 notus
233 1513 272 1558 ac
294 1491 463 1559 familiaris
485 1493 607 1573 fueris,
636 1495 691 1579 qni
721 1515 805 1568 nnnc
829 1514 958 1578 qnoque
986 1497 1116 1578 optimis
1145 1518 1184 1562 ac
1207 1496 1282 1562 doc·

112 1597 248 1665 tissimis
271 1597 452 1682 quibusque
490 1598 535 1664 sic
559 1598 676 1665 charus
700 1600 743 1664 sis
776 1606 809 1665 et
840 1598 1028 1680 adamatus,
1058 1607 1111 1682 ut,
1136 1602 1164 1666 si
1186 1608 1282 1686 pater

112 1725 217 1783 esses,
249 1703 397 1769 omnibus
419 1703 563 1770 intimius
596 1704 713 1770 charus
749 1725 904 1770 essenon
938 1706 1053 1788 possis.
1100 1705 1225 1772 Aderat
1247 1712 1281 1772 to

112 1808 349 1894 propemodum
384 1809 554 1892 episcopus
585 1808 756 1887 Roffensis,
791 1807 903 1873 loanni
933 1808 1045 1874 Coleto
1075 1829 1204 1875 sacrum
1232 1815 1283 1876 est

111 1920 206 1980 tunm
228 1934 356 1980 nomen.
403 1913 495 1992 Quod
518 1914 552 1978 ni
574 1915 725 1980 minister
746 1913 942 1997 perdidisset
965 1913 1136 1997 epistolam
1159 1921 1249 1980 tuam
1258 1914 1281 1992 ³,

111 2018 253 2085 haberat
275 2025 413 2085 camut
435 2019 545 2104 ajebat
567 2020 656 2086 inter
688 2039 798 2084 sacras
838 2017 1000 2102 reliquias.
1047 2019 1160 2103 Nuper
1186 2020 1280 2085 invisi
1316 2041 1319 2048 ¹

111 2124 346 2191 monasterium
374 2130 600 2208 pervetustum
624 2124 879 2190 cartusiensium
907 2124 994 2208 apud
1022 2124 1176 2190 Sanctum
1200 2125 1283 2191 Ode·

111 2250 240 2297 marum
256 2231 392 2296 Artesiae
420 2229 589 2314 oppidum.
636 2231 714 2315 Ejus
737 2230 800 2296 loci
816 2230 935 2296 Ριίοι·4
959 2252 976 2296 e
999 2231 1063 2296 tuis
1086 2229 1179 2296 libris
1202 2232 1282 2297 mire

108 2335 226 2401 literas
249 2333 418 2400 hebraicas
441 2343 610 2400 assecutus
642 2342 708 2416 est,
739 2336 827 2401 nullo
858 2341 1075 2420 preceptore,
1110 2335 1169 2401 tibi
1203 2357 1280 2402 vero

110 2440 157 2505 sic
187 2439 336 2521 deditus,
367 2447 407 2506 nt
434 2462 550 2507 nomen
580 2441 679 2506 etiam
709 2443 815 2525 ipsum
850 2448 1033 2507 veneretur.
1088 2442 1167 2507 Erat
1197 2441 1282 2532 forto

109 2544 199 2631 apud
221 2567 272 2612 me
296 2546 445 2631 quaedam
468 2547 607 2631 epistola
629 2553 697 2627 tua,
721 2569 818 2632 quarn
836 2546 893 2611 ubi
916 2547 1017 2612 sensit
1039 2552 1097 2612 tna
1120 2548 1280 2631 scriptum

111 2672 220 2731 manu,
243 2651 359 2718 obnixe
383 2653 520 2736 rogavit,
542 2659 579 2718 ut
602 2652 691 2737 apud
706 2674 740 2718 se
764 2653 990 2736 relinquerem,
1015 2673 1087 2718 eam
1104 2653 1281 2719 identidem

112 2758 314 2825 exosculans.

201 2863 274 2929 Non
297 2863 393 2947 pauci
416 2869 507 2943 sunt,
536 2865 580 2928 mi
604 2864 793 2942 Reuehline,
822 2863 883 2928 hoc
913 2863 946 2926 in
969 2868 1002 2928 te
1026 2862 1141 2927 animo.
1188 2858 1282 2939 Quod

112 2975 171 3034 tua
194 2968 315 3035 virtute
339 2975 512 3034 contentus
537 2971 670 3055 negligis
694 2970 859 3035 hominum
882 2966 1150 3045 malevolentiam,
1173 2966 1281 3032 laudo.

111 3074 189 3158 lpsa
219 3075 323 3140 virtus
364 3074 493 3141 abunde
531 3097 682 3159 magnum
721 3075 768 3140 tui
805 3074 983 3158 praemium.
1029 3073 1071 3137 Et
1105 3073 1133 3137 si
1167 3091 1283 3156 parum

112 3181 260 3264 agnoscit
290 3180 359 3246 haec
395 3186 493 3260 atas,
515 3162 683 3265 'agnoscet
720 3164 921 3264 posteritas:
951 3179 1089 3263 denique
1128 3183 1282 3262 agnoscet

113 3285 279 3366 Christus,
304 3287 356 3351 cui
379 3285 427 3351 tui
455 3286 596 3352 militant
619 3286 757 3352 labores.
804 3285 915 3351 Scribe
944 3285 995 3351 vel
1023 3284 1136 3369 paucis
1159 3284 1282 3364 Coleto,

111 3391 142 3458 is
160 3392 230 3476 jam
257 3412 356 3459 senex
385 3399 544 3475 graecatur
560 3389 581 3456 ⁵.
627 3390 785 3458 Roffensis
812 3393 910 3458 etiam
933 3391 1091 3476 processit
1123 3389 1282 3456 foeliciter.

691 3562 709 3600 tit

192 3670 204 3718 l
226 3666 334 3736 Codice]
348 3667 487 3721 bandsohr.
507 3668 553 3718 des
566 3669 597 3720 N.
611 3671 660 3720 lt?
680 3684 700 3718 s.
721 3687 745 3720 o.
764 3668 835 3719 brief
844 3668 996 3730 Renehlins,
1010 3669 1078 3733 Aug.
1096 3669 1170 3728 1514,
1190 3681 1209 3716 s.
1225 3666 1285 3727 225,

114 3771 137 3806 ιι.
151 3759 176 3806 2.
215 3759 229 3806 2
245 3757 301 3806 Den
315 3755 440 3822 Agricola
452 3758 498 3807 het
511 3757 641 3808 Reucblin
654 3757 810 3808 solrwerlich
824 3758 850 3806 in
864 3756 957 3807 Italien
972 3755 1080 3821 gesehn.
1118 3757 1132 3802 3
1147 3752 1221 3803 Anah
1236 3765 1285 3800 uns

113 3845 150 3894 ist
169 3843 212 3893 eiu
232 3859 264 3894 an
278 3843 353 3895 Celet
374 3845 535 3911 gerichteter
548 3845 620 3895 brief
629 3845 773 3896 Reuclrlins
785 3846 859 3894 nicht
872 3844 998 3895 erhalten.
1071 3847 1086 3890 l
1101 3839 1184 3906 Prior]
1203 3841 1287 3890 walar-

112 3932 263 3984 scbeinlioh
281 3933 399 3984 Joannes
418 3934 528 3996 Quonus
553 3949 574 3984 s.
594 3951 618 3983 o.
645 3951 666 3984 s.
687 3937 746 3995 223,
766 3949 788 3983 a.
811 3937 834 3983 2.
889 3931 953 3982 tln
974 3930 1032 3979 dem
1051 3927 1215 3977 verzeichnis
1241 3927 1286 3977 der

113 4020 314 4075 Reuchlinisten
340 4022 366 4070 in
392 4021 522 4088 England,
550 4022 598 4072 das
623 4022 650 4070 in
676 4022 725 4072 den
757 4037 815 4088 epp.
839 4019 879 4070 ill.
906 4020 953 4069 vir.
976 4035 999 4068 a.
1019 4033 1045 4068 a.
1065 4033 1089 4067 ο.
1112 4015 1170 4064 sich
1196 4014 1285 4078 findet,

113 4105 190 4161 beidt
208 4125 236 4160 es
254 4109 333 4160 noch:
355 4125 445 4160 omnes
468 4111 556 4162 sciunt
568 4125 654 4175 grace
673 4115 782 4175 excepto
797 4106 897 4159 Coleto.
933 4106 990 4156 Das
1003 4103 1166 4156 rerueichnis
1185 4102 1287 4155 enthtllt

113 4194 198 4249 suber
216 4197 306 4249 (toleta
325 4198 360 4248 Μ
381 4196 541 4249 Guilielrnus
560 4199 690 4250 Grocinus
710 4195 862 4262 theologus,
882 4195 997 4245 Thomas
1018 4194 1148 4245 Linacrus
1168 4193 1288 4244 medicus

112 4287 214 4352 regins.
252 4283 394 4337 cutbertus
417 4287 570 4337 Dunstsnns
585 4284 790 4351 jureconsultus,
811 4280 1002 4349 archiepiscopi
1018 4279 1215 4331 cantuariensis
1226 4297 1286 4330 can·

114 4366 248 4428 cellerius.
286 4373 445 4427 Guilielmus
465 4376 619 4426 Latsmerus
648 4372 795 4438 theologus.
833 4372 948 4422 'l'bornas
978 4371 1067 4420 Morus
1095 4368 1287 4420 Londoniensis

108 4462 195 4533 judex
213 4470 239 4516 et
259 4462 403 4515 advocatus
422 4464 621 4514 disertissimus.
660 4461 778 4511 Andreas
797 4460 951 4512 Ammonius
980 4459 1136 4511 secretarius
1159 4457 1287 4508 Lucensis

1013 4536 1078 4596 ll·l
