2798 4980
696 205 762 290 aar

145 389 258 459 uuae
286 390 367 458 mihi
395 390 517 478 legasf‘,
551 393 725 462 ostendens
748 395 779 461 ei
800 393 948 463 fabulam
970 395 1193 479 Parisiensem‚
1217 385 1335 483 quam⁸

143 496 195 563 ille
211 503 395 564 aversatus:
423 496 581 588 „Blaris“,
603 499 718 584 inquit,
745 499 877 580 „literas
892 501 975 567 facio
992 501 1198 586 apostolicas,
1217 525 1316 588 quam

142 603 319 687 privatas“.
366 604 448 670 Tum
463 603 540 670 iste:
568 605 667 685 „Tum
688 605 791 689 pluris
813 604 915 672 audes
931 606 1038 673 faeere
1055 607 1215 693 Spirensis
1232 611 1316 695 epis-

146 708 219 794 oopi
242 709 350 775 adhuc
382 709 476 793 pueri
506 710 711 790 sententiam,
746 731 842 795 quam
875 715 917 777 80
947 711 1117 797 theologiae
1146 713 1316 782 doctorum

142 815 378 880 Parisiensium·
398 815 455 899 qui
475 820 513 880 ut
536 815 667 899 opinor,
683 816 834 900 leporem
858 818 1020 902 quomodo
1044 827 1178 903 caperet
1200 821 1315 887 melius

143 918 243 986 eoiret
266 939 364 1004 quam
385 919 488 1001 istuc,
521 919 683 1006 quomodo
716 919 920 987 diffinitivam
947 922 1089 1007 aliquam
1121 925 1316 990 sententiam

143 1025 280 1092 ferret“.
326 1024 394 1091 Nec
427 1025 480 1091 hio
504 1027 597 1092 stetit
619 1026 710 1093 furor
733 1027 892 1094 dementis
915 1023 1045 1113 capitis,
1069 1028 1126 1094 sed
1150 1050 1314 1116 eousque

143 1137 317 1216 provectus
334 1137 393 1211 est,
418 1136 457 1196 ut
479 1132 577 1197 etiam
597 1133 714 1198 summi
729 1131 893 1199 Pontificio
909 1135 1120 1199 autoritatem
1135 1157 1195 1219 per
1209 1136 1314 1202 scelus

144 1243 177 1304 et
199 1236 430 1304 contumeliam
452 1235 683 1304 ludificaretur.
730 1238 855 1323 Quippe
879 1240 1112 1306 executiorales
1142 1240 1217 1305 illas
1241 1262 1314 1307 oum

143 1343 284 1427 cepisset
305 1341 412 1427 gladio
435 1341 589 1424 lacerare,
613 1342 755 1428 quidam,
783 1364 865 1424 „non
888 1345 1041 1425 vereris“‚
1069 1345 1184 1430 inquit,
1221 1366 1314 1427 „cen-

144 1469 239 1514 suras
272 1448 512 1532 apostolicasl“
562 1449 613 1515 Ad
646 1469 720 1515 eam
754 1470 865 1515 vooem
888 1449 1016 1530 furens,
1046 1450 1091 1516 ibi
1123 1451 1170 1515 ita
1202 1452 1315 1542 statim

144 1569 219 1619 oum
240 1553 383 1619 maxima
404 1553 635 1621 vociferatione
659 1555 799 1641 subjecit
821 1554 1030 1622 audientibus
1054 1554 1127 1639 plus
1157 1557 1314 1622 trecentis

143 1658 343 1727 homiuibus:
376 1681 454 1744 „ego
481 1681 558 1727 vero
581 1661 639 1746 pili
665 1682 729 1726 non
752 1659 836 1726 facio
867 1682 976 1726 omnes
1008 1681 1161 1726 censuras
1184 1663 1313 1745 Papae“.

145 1765 364 1832 Hoohstraten
398 1765 499 1846 habe,
532 1765 632 1833 bever
659 1788 695 1832 er
725 1765 808 1831 naoh
830 1767 913 1833 Rom
945 1786 1125 1849 gegangen,
1155 1788 1217 1832 von
1240 1765 1314 1831 dem

144 1870 425 1955 augustinerprior
447 1870 667 1938 Theodorious
688 1893 717 1936 v.
733 1871 849 1938 Castro
872 1871 946 1936 rath
968 1870 1124 1954 verlangt,
1148 1870 1207 1936 der
1229 1871 1314 1937 habe

143 1976 200 2042 ihn
222 1975 303 2042 aber
326 1977 528 2061 verweigert:
552 1976 605 2043 die
628 1975 764 2043 miinohe
787 1975 901 2042 hutten
925 1975 1008 2043 ohne
1029 1975 1085 2041 ilm
1103 1976 1313 2060 angefangen,

145 2083 192 2149 sio
216 2081 368 2148 miiohten
391 2080 474 2148 auoh
489 2082 678 2162 versuohen,
702 2082 754 2148 die
777 2081 874 2148 sache
898 2081 981 2147 ohne
1003 2081 1058 2146 ihu
1081 2104 1122 2147 zu
1136 2080 1315 2147 vollenden.

146 2189 215 2254 Das
231 2186 317 2253 habe
333 2208 444 2254 ernon
468 2187 640 2255 Reuohlins
654 2187 800 2272 eifrigem
816 2186 978 2267 verehrer‚
997 2187 1071 2252 dem
1089 2186 1241 2272 subprior
1256 2187 1316 2253 der

145 2293 345 2378 augustines,
369 2292 450 2361 Paul
466 2294 586 2377 Fugius
602 2297 612 2332 ¹
637 2294 765 2378 gebiirt3
789 2294 872 2359 auch
884 2293 916 2357 in
929 2293 1071 2358 anderen
1086 2291 1216 2358 kreisen
1232 2290 1315 2358 habe

145 2399 183 2465 R.
222 2394 287 2465 die
307 2398 521 2482 gliihendsten
551 2399 727 2479 verehrer‚
766 2399 828 2464 den
862 2397 993 2464 reiohen
1025 2397 1180 2482 patricier
1210 2397 1314 2462 Franz

146 2501 263 2570 sames
282 2526 313 2570 u.
338 2505 375 2569 Α.
421 2504 481 2571 Die
503 2504 638 2571 miinehe
662 2503 775 2571 hitten
792 2505 865 2569 dem
882 2501 1100 2567 Hoehstraten
1119 2507 1203 2566 1500
1227 2502 1316 2584 gold-

145 2607 265 2693 gulden
275 2608 358 2675 naoh
367 2610 448 2675 Rom
456 2609 639 2693 geschiekt;
654 2609 811 2676 Reuohlin
823 2607 907 2674 habe
923 2606 1004 2672 aber
1019 2605 1093 2671 luein
1104 2606 1177 2689 geld
1193 2605 1313 2690 ndthig,

145 2735 201 2781 um
224 2711 303 2780 bald
324 2713 518 2798 vollstiiudig
540 2737 579 2781 zu
603 2716 720 2800 siegen.
765 2713 851 2779 Prid.
876 2712 943 2778 Cal.
967 2712 1037 2777 Oet.
1062 2710 1212 2775 Coloniae.

237 2821 488 2884 Gedruoktz=L
510 2825 538 2884 J.
554 2841 580 2884 v.
597 2842 623 2884 e.
645 2842 665 2883 x
687 2820 724 2884 4b
740 2823 818 2896 bisy
835 2826 884 2894 2⁸3
906 2825 980 2880 2:
994 2820 1118 2893 Bulaeus,
1141 2818 1209 2876 hist.
1234 2817 1313 2878 univ.

145 2927 240 2990 Paris.
257 2928 308 2990 VI.
328 2946 352 2989 s.
370 2931 411 2989 08
434 2928 489 3005 iga
507 2932 524 2991 3
542 2949 584 2986 =
598 2929 739 3004 Bbclring,
771 2944 856 3002 supp.
882 2943 948 3002 opp.
971 2927 1054 2985 Hutt.
1072 2924 1109 2998 11,
1131 2940 1153 2982 s.
1181 2925 1244 2983 746
1274 2921 1313 2999 fg.

613 3112 845 3179 GLXXXXIII.

220 3199 392 3254 ortobeuren.
1081 3202 1098 3247 4
1118 3195 1180 3248 out.
1203 3198 1279 3247 1514.

227 3273 355 3348 Frater
372 3271 551 3348 Nicolaus
570 3272 759 3372 Ellenbog
777 3273 803 3348 J
804 3270 918 3345 oanni
936 3268 1120 3344 Reuohlin
1138 3267 1175 3344 S.
1197 3269 1233 3343 d.

239 3395 435 3463 Doctissime
455 3396 512 3476 uir,
534 3397 661 3463 animus
683 3417 747 3481 quo
769 3394 830 3462 tibi
852 3392 1058 3479 singulariter
1079 3390 1203 3457 afficior
1225 3413 1317 3458 meus

145 3522 213 3570 non
235 3500 314 3568 sinit
334 3522 387 3567 me
410 3521 482 3567 esse
505 3501 660 3586 quietum,
683 3501 711 3566 si
734 3500 863 3585 quando
883 3499 980 3565 audio
1003 3505 1231 3564 novercantem
1253 3497 1318 3563 for-

147 3614 265 3674 tunam
287 3605 348 3673 tibi
371 3607 440 3672 viro
463 3611 498 3672 et
520 3606 705 3673 doctissimo
729 3612 763 3672 ot
785 3604 826 3671 de
848 3624 899 3670 me
923 3603 1044 3687 optime
1066 3602 1182 3667 merito
1204 3599 1318 3667 adver-

145 3712 216 3779 sari
237 3731 402 3797 novasque
425 3711 561 3778 insidias
583 3711 699 3777 moliri.

237 3816 400 3883 Feruntur
422 3838 507 3883 nuno
530 3818 651 3903 passim
674 3818 778 3883 literae
800 3811 957 3900 gymnasii
982 3808 1225 3877 Parishiensis²
1248 3809 1318 3894 qui-

108 3956 113 3965 ·
146 3921 210 3990 bus
234 3921 358 4007 scripta
380 3927 438 3989 tua
460 3921 616 3990 damnata
639 3928 673 3990 et
694 3921 859 4009 palinodia
887 3919 985 4003 digna
1007 3914 1165 3981 feruntur.
1213 3912 1317 3979 Velim

728 4050 746 4089 ’lt

223 4143 235 4191 1
256 4138 316 4191 Von
337 4138 430 4191 dassen
442 4138 638 4207 bewunderung
651 4140 695 4191 fiir
710 4139 839 4192 Reuohlin
859 4133 1072 4205 spriohtImther
1092 4144 1128 4180 an
1146 4129 1209 4182 Joh.
1226 4127 1317 4196 Lange

146 4231 180 4281 20
193 4227 258 4280 0111.
274 4228 352 4291 1516,
370 4227 402 4279 da
414 4229 500 4280 Wette
511 4229 532 4292 1,
550 4243 570 4281 s.
584 4233 631 4292 4²3
651 4229 705 4295 vgl.
718 4226 787 4280 auoh
798 4232 880 4280 uuten
899 4228 933 4276 30
946 4224 1014 4289 Aug.
1030 4220 1108 4272 1517.
1183 4221 1197 4267 2
1218 4222 1232 4268 2
1248 4220 1319 4283 Aug.

147 4319 226 4380 1514,
245 4331 267 4366 a.
287 4314 355 4366 oben
373 4329 394 4366 s.
414 4318 464 4366 223
491 4331 515 4368 a.
536 4319 560 4371 2.

1038 4381 1099 4445 15*
