<?xml version="1.0" encoding="UTF-8"?>
<!DOCTYPE html PUBLIC "-//W3C//DTD XHTML 1.0 Transitional//EN"
    "http://www.w3.org/TR/xhtml1/DTD/xhtml1-transitional.dtd">
<html xmlns="http://www.w3.org/1999/xhtml" xml:lang="en" lang="en">
 <head>
  <title>
</title>
<meta http-equiv="Content-Type" content="text/html;charset=utf-8" />
  <meta name='ocr-system' content='tesseract 3.04.00' />
  <meta name='ocr-capabilities' content='ocr_page ocr_carea ocr_par ocr_line ocrx_word'/>
</head>
<body>
  <div class='ocr_page' id='page_1' title='image "./johannreuchlins01reucgoog/johannreuchlins01reucgoog_0354.png"; bbox 0 0 2798 4980; ppageno 0'>
   <div class='ocr_carea' id='block_1_1' title="bbox 627 101 696 170">
    <p class='ocr_par' dir='ltr' id='par_1_1' title="bbox 627 101 696 170">
     <span class='ocr_line' id='line_1_1' title="bbox 627 101 696 170; baseline 0 0"><span class='ocrx_word' id='word_1_1' title='bbox 627 101 696 170; x_wconf 71' lang='grc'><strong>342</strong></span> 
     </span>
    </p>
   </div>
   <div class='ocr_carea' id='block_1_2' title="bbox 74 277 1399 2491">
    <p class='ocr_par' dir='ltr' id='par_1_2' title="bbox 74 277 1387 1436">
     <span class='ocr_line' id='line_1_2' title="bbox 74 277 1321 385; baseline -0.005 -19"><span class='ocrx_word' id='word_1_2' title='bbox 74 299 175 385; x_wconf 87' lang='lat' dir='ltr'><strong>pbom</strong></span> <span class='ocrx_word' id='word_1_3' title='bbox 198 304 236 366; x_wconf 87' lang='lat' dir='ltr'><strong>ut</strong></span> <span class='ocrx_word' id='word_1_4' title='bbox 257 298 452 383; x_wconf 74' lang='lat' dir='ltr'><strong>pithagorici</strong></span> <span class='ocrx_word' id='word_1_5' title='bbox 479 294 624 377; x_wconf 85' lang='lat' dir='ltr'><strong>tradunt,</strong></span> <span class='ocrx_word' id='word_1_6' title='bbox 657 293 736 380; x_wconf 85' lang='lat' dir='ltr'><strong>quid</strong></span> <span class='ocrx_word' id='word_1_7' title='bbox 766 295 1018 380; x_wconf 81' lang='lat' dir='ltr'><strong>peragraciones</strong></span> <span class='ocrx_word' id='word_1_8' title='bbox 1046 295 1119 381; x_wconf 84' lang='lat' dir='ltr'><strong>ejus</strong></span> <span class='ocrx_word' id='word_1_9' title='bbox 1139 277 1321 361; x_wconf 49' lang='lat' dir='ltr'><strong>recerss</strong></span> 
     </span>
     <span class='ocr_line' id='line_1_3' title="bbox 76 386 1337 489; baseline -0.004 -19"><span class='ocrx_word' id='word_1_10' title='bbox 76 425 179 484; x_wconf 87' lang='lat' dir='ltr'><strong>seam,</strong></span> <span class='ocrx_word' id='word_1_11' title='bbox 209 424 291 489; x_wconf 85' lang='lat' dir='ltr'><strong>quas</strong></span> <span class='ocrx_word' id='word_1_12' title='bbox 315 401 493 487; x_wconf 79' lang='lat' dir='ltr'><strong>disciplina</strong></span> <span class='ocrx_word' id='word_1_13' title='bbox 515 417 617 467; x_wconf 87' lang='lat' dir='ltr'><strong>causa</strong></span> <span class='ocrx_word' id='word_1_14' title='bbox 639 399 814 486; x_wconf 79' lang='lat' dir='ltr'><strong>perfecerit</strong></span> <span class='ocrx_word' id='word_1_15' title='bbox 836 422 909 467; x_wconf 89' lang='lat' dir='ltr'><strong>cnm</strong></span> <span class='ocrx_word' id='word_1_16' title='bbox 932 422 995 467; x_wconf 89' lang='lat' dir='ltr'><strong>nec</strong></span> <span class='ocrx_word' id='word_1_17' title='bbox 1016 400 1269 468; x_wconf 62' lang='lat' dir='ltr'><strong>disertissimu*</strong></span> <span class='ocrx_word' id='word_1_18' title='bbox 1283 386 1337 441; x_wconf 60' lang='lat'><strong>⁴⁸⁸</strong></span> 
     </span>
     <span class='ocr_line' id='line_1_4' title="bbox 77 497 1348 592; baseline -0.005 -17"><span class='ocrx_word' id='word_1_19' title='bbox 77 508 293 575; x_wconf 76' lang='lat' dir='ltr'><strong>Philostratus</strong></span> <span class='ocrx_word' id='word_1_20' title='bbox 325 514 399 573; x_wconf 88' lang='lat' dir='ltr'><strong>octo</strong></span> <span class='ocrx_word' id='word_1_21' title='bbox 431 507 558 592; x_wconf 88' lang='lat' dir='ltr'><strong>quidem</strong></span> <span class='ocrx_word' id='word_1_22' title='bbox 591 505 806 571; x_wconf 80' lang='lat' dir='ltr'><strong>voluminibus</strong></span> <span class='ocrx_word' id='word_1_23' title='bbox 839 507 929 577; x_wconf 72' lang='lat' dir='ltr'><strong>satis,</strong></span> <span class='ocrx_word' id='word_1_24' title='bbox 945 507 1173 592; x_wconf 76' lang='lat' dir='ltr'>expediverit?</span> <span class='ocrx_word' id='word_1_25' title='bbox 1200 497 1348 570; x_wconf 48' lang='lat' dir='ltr'><strong>lna*</strong></span> 
     </span>
     <span class='ocr_line' id='line_1_5' title="bbox 78 606 1357 697; baseline -0.002 -18"><span class='ocrx_word' id='word_1_26' title='bbox 78 615 180 681; x_wconf 77' lang='lat' dir='ltr'><strong>travit</strong></span> <span class='ocrx_word' id='word_1_27' title='bbox 202 614 329 691; x_wconf 78' lang='lat' dir='ltr'>Persas,</span> <span class='ocrx_word' id='word_1_28' title='bbox 354 614 562 697; x_wconf 79' lang='lat' dir='ltr'><strong>pertransivit</strong></span> <span class='ocrx_word' id='word_1_29' title='bbox 587 612 778 690; x_wconf 77' lang='lat' dir='ltr'><strong>Caucasum,</strong></span> <span class='ocrx_word' id='word_1_30' title='bbox 803 610 956 690; x_wconf 80' lang='lat' dir='ltr'><strong>Albanos,</strong></span> <span class='ocrx_word' id='word_1_31' title='bbox 981 613 1108 696; x_wconf 80' lang='lat' dir='ltr'><strong>Scytas,</strong></span> <span class='ocrx_word' id='word_1_32' title='bbox 1130 606 1357 677; x_wconf 63' lang='lat' dir='ltr'><strong>Massa-‘⁶⁵&#39;</strong></span> 
     </span>
     <span class='ocr_line' id='line_1_6' title="bbox 76 712 1365 806; baseline -0.005 -20"><span class='ocrx_word' id='word_1_33' title='bbox 76 727 178 806; x_wconf 78' lang='lat' dir='ltr'><strong>getas,</strong></span> <span class='ocrx_word' id='word_1_34' title='bbox 200 719 383 804; x_wconf 87' lang='lat' dir='ltr'><strong>penetrarit</strong></span> <span class='ocrx_word' id='word_1_35' title='bbox 408 717 504 782; x_wconf 87' lang='lat' dir='ltr'><strong>ludes</strong></span> <span class='ocrx_word' id='word_1_36' title='bbox 530 716 757 782; x_wconf 88' lang='lat' dir='ltr'><strong>Bracbononas</strong></span> <span class='ocrx_word' id='word_1_37' title='bbox 784 712 794 755; x_wconf 74' lang='lat'>¹</span> <span class='ocrx_word' id='word_1_38' title='bbox 818 716 978 782; x_wconf 86' lang='lat' dir='ltr'><strong>accedens</strong></span> <span class='ocrx_word' id='word_1_39' title='bbox 1000 725 1039 783; x_wconf 92' lang='lat' dir='ltr'><strong>ut</strong></span> <span class='ocrx_word' id='word_1_40' title='bbox 1060 717 1196 782; x_wconf 83' lang='lat' dir='ltr'><strong>Jarcam</strong></span> <span class='ocrx_word' id='word_1_41' title='bbox 1217 713 1365 781; x_wconf 69' lang='lat' dir='ltr'><strong>in11n</strong></span> 
     </span>
     <span class='ocr_line' id='line_1_7' title="bbox 76 821 1370 907; baseline -0.002 -17"><span class='ocrx_word' id='word_1_42' title='bbox 76 824 195 891; x_wconf 80' lang='lat' dir='ltr'><strong>throno</strong></span> <span class='ocrx_word' id='word_1_43' title='bbox 217 822 384 889; x_wconf 73' lang='lat' dir='ltr'><strong>sedentem</strong></span> <span class='ocrx_word' id='word_1_44' title='bbox 414 844 514 888; x_wconf 90' lang='lat' dir='ltr'><strong>aureo</strong></span> <span class='ocrx_word' id='word_1_45' title='bbox 544 832 577 888; x_wconf 85' lang='lat' dir='ltr'><strong>et</strong></span> <span class='ocrx_word' id='word_1_46' title='bbox 610 821 650 887; x_wconf 90' lang='lat' dir='ltr'><strong>de</strong></span> <span class='ocrx_word' id='word_1_47' title='bbox 680 822 811 886; x_wconf 80' lang='lat' dir='ltr'><strong>Tantali</strong></span> <span class='ocrx_word' id='word_1_48' title='bbox 843 822 933 888; x_wconf 79' lang='lat' dir='ltr'><strong>fonte</strong></span> <span class='ocrx_word' id='word_1_49' title='bbox 963 828 1135 907; x_wconf 89' lang='lat' dir='ltr'><strong>potantem</strong></span> <span class='ocrx_word' id='word_1_50' title='bbox 1168 821 1370 888; x_wconf 62' lang='lat' dir='ltr'><strong>inter‘l‘r</strong></span> 
     </span>
     <span class='ocr_line' id='line_1_8' title="bbox 78 926 1374 1015; baseline -0.003 -19"><span class='ocrx_word' id='word_1_51' title='bbox 78 949 199 1015; x_wconf 80' lang='lat' dir='ltr'><strong>paucos</strong></span> <span class='ocrx_word' id='word_1_52' title='bbox 223 927 397 1012; x_wconf 87' lang='lat' dir='ltr'><strong>discipulos</strong></span> <span class='ocrx_word' id='word_1_53' title='bbox 421 928 460 992; x_wconf 86' lang='lat' dir='ltr'><strong>de</strong></span> <span class='ocrx_word' id='word_1_54' title='bbox 484 935 613 1008; x_wconf 89' lang='lat' dir='ltr'><strong>natura,</strong></span> <span class='ocrx_word' id='word_1_55' title='bbox 640 927 681 991; x_wconf 91' lang='lat' dir='ltr'><strong>de</strong></span> <span class='ocrx_word' id='word_1_56' title='bbox 706 926 850 992; x_wconf 90' lang='lat' dir='ltr'><strong>moribus</strong></span> <span class='ocrx_word' id='word_1_57' title='bbox 873 949 912 992; x_wconf 92' lang='lat' dir='ltr'><strong>ac</strong></span> <span class='ocrx_word' id='word_1_58' title='bbox 936 926 977 992; x_wconf 91' lang='lat' dir='ltr'><strong>dc</strong></span> <span class='ocrx_word' id='word_1_59' title='bbox 1001 949 1101 994; x_wconf 89' lang='lat' dir='ltr'><strong>cursu</strong></span> <span class='ocrx_word' id='word_1_60' title='bbox 1126 927 1249 993; x_wconf 89' lang='lat' dir='ltr'><strong>dierum</strong></span> <span class='ocrx_word' id='word_1_61' title='bbox 1283 928 1374 982; x_wconf 75' lang='lat'><strong>111</strong></span> 
     </span>
     <span class='ocr_line' id='line_1_9' title="bbox 77 1031 1380 1117; baseline 0.001 -16"><span class='ocrx_word' id='word_1_62' title='bbox 77 1056 116 1101; x_wconf 88' lang='lat' dir='ltr'><strong>ac</strong></span> <span class='ocrx_word' id='word_1_63' title='bbox 133 1033 275 1101; x_wconf 87' lang='lat' dir='ltr'><strong>siderum</strong></span> <span class='ocrx_word' id='word_1_64' title='bbox 293 1033 422 1099; x_wconf 89' lang='lat' dir='ltr'><strong>audiret</strong></span> <span class='ocrx_word' id='word_1_65' title='bbox 438 1034 650 1099; x_wconf 86' lang='lat' dir='ltr'><strong>disserentem</strong></span> <span class='ocrx_word' id='word_1_66' title='bbox 659 1033 681 1112; x_wconf 75' lang='lat'><strong>²,</strong></span> <span class='ocrx_word' id='word_1_67' title='bbox 704 1032 780 1097; x_wconf 90' lang='lat' dir='ltr'><strong>inde</strong></span> <span class='ocrx_word' id='word_1_68' title='bbox 797 1055 856 1117; x_wconf 91' lang='lat' dir='ltr'><strong>per</strong></span> <span class='ocrx_word' id='word_1_69' title='bbox 871 1033 1040 1111; x_wconf 87' lang='lat' dir='ltr'><strong>Elamitas,</strong></span> <span class='ocrx_word' id='word_1_70' title='bbox 1055 1031 1251 1111; x_wconf 88' lang='lat' dir='ltr'><strong>Babilonios,</strong></span> <span class='ocrx_word' id='word_1_71' title='bbox 1288 1035 1380 1103; x_wconf 59' lang='grc' dir='ltr'><strong>«ἓν</strong></span> 
     </span>
     <span class='ocr_line' id='line_1_10' title="bbox 79 1136 1385 1223; baseline 0.002 -17"><span class='ocrx_word' id='word_1_72' title='bbox 79 1138 251 1218; x_wconf 86' lang='lat' dir='ltr'><strong>Chaldeos,</strong></span> <span class='ocrx_word' id='word_1_73' title='bbox 280 1138 402 1217; x_wconf 85' lang='lat' dir='ltr'><strong>Medos,</strong></span> <span class='ocrx_word' id='word_1_74' title='bbox 429 1140 586 1223; x_wconf 73' lang='lat' dir='ltr'><strong>Assyrios,</strong></span> <span class='ocrx_word' id='word_1_75' title='bbox 610 1138 759 1217; x_wconf 88' lang='lat' dir='ltr'><strong>Parthos,</strong></span> <span class='ocrx_word' id='word_1_76' title='bbox 783 1139 891 1222; x_wconf 76' lang='lat' dir='ltr'><strong>Syros,</strong></span> <span class='ocrx_word' id='word_1_77' title='bbox 914 1137 1095 1218; x_wconf 87' lang='lat' dir='ltr'><strong>Phoenices,</strong></span> <span class='ocrx_word' id='word_1_78' title='bbox 1119 1136 1251 1216; x_wconf 78' lang='lat' dir='ltr'><strong>Arabes,</strong></span> <span class='ocrx_word' id='word_1_79' title='bbox 1293 1141 1385 1208; x_wconf 64' lang='grc' dir='ltr'><strong>«ὅτ</strong></span> 
     </span>
     <span class='ocr_line' id='line_1_11' title="bbox 78 1221 1387 1329; baseline -0.003 -17"><span class='ocrx_word' id='word_1_80' title='bbox 78 1243 259 1312; x_wconf 87' lang='lat' dir='ltr'><strong>Palestinos</strong></span> <span class='ocrx_word' id='word_1_81' title='bbox 282 1266 430 1309; x_wconf 86' lang='lat' dir='ltr'><strong>reversus</strong></span> <span class='ocrx_word' id='word_1_82' title='bbox 454 1243 495 1307; x_wconf 89' lang='lat' dir='ltr'><strong>ad</strong></span> <span class='ocrx_word' id='word_1_83' title='bbox 514 1241 754 1308; x_wconf 84' lang='lat' dir='ltr'><strong>Allcxandriam</strong></span> <span class='ocrx_word' id='word_1_84' title='bbox 779 1245 924 1327; x_wconf 82' lang='lat' dir='ltr'><strong>perrexit</strong></span> <span class='ocrx_word' id='word_1_85' title='bbox 946 1242 988 1309; x_wconf 85' lang='lat' dir='ltr'><strong>ad</strong></span> <span class='ocrx_word' id='word_1_86' title='bbox 1014 1241 1251 1329; x_wconf 78' lang='lat' dir='ltr'><strong>Aethiopiam³</strong></span> <span class='ocrx_word' id='word_1_87' title='bbox 1297 1230 1345 1272; x_wconf 53' lang='grc' dir='ltr'><strong><em>ι</em></strong></span> <span class='ocrx_word' id='word_1_88' title='bbox 1377 1221 1387 1260; x_wconf 75' lang='lat'>⁸</span> 
     </span>
     <span class='ocr_line' id='line_1_12' title="bbox 78 1349 577 1436; baseline -0.01 -19"><span class='ocrx_word' id='word_1_89' title='bbox 78 1357 115 1417; x_wconf 89' lang='lat' dir='ltr'><strong>ut</strong></span> <span class='ocrx_word' id='word_1_90' title='bbox 137 1349 418 1436; x_wconf 74' lang='lat' dir='ltr'><strong>gymnosophistas</strong></span> <span class='ocrx_word' id='word_1_91' title='bbox 442 1349 577 1415; x_wconf 83' lang='lat' dir='ltr'><strong>videret.</strong></span> 
     </span>
    </p>

    <p class='ocr_par' dir='ltr' id='par_1_3' title="bbox 79 1454 1399 2491">
     <span class='ocr_line' id='line_1_13' title="bbox 168 1454 1396 1540; baseline 0 -18"><span class='ocrx_word' id='word_1_92' title='bbox 168 1455 291 1522; x_wconf 85' lang='lat' dir='ltr'><strong>Horum</strong></span> <span class='ocrx_word' id='word_1_93' title='bbox 314 1456 415 1539; x_wconf 84' lang='lat' dir='ltr'><strong>igitur</strong></span> <span class='ocrx_word' id='word_1_94' title='bbox 437 1456 542 1520; x_wconf 91' lang='lat' dir='ltr'><strong>instar</strong></span> <span class='ocrx_word' id='word_1_95' title='bbox 572 1454 604 1518; x_wconf 92' lang='lat' dir='ltr'><strong>hi</strong></span> <span class='ocrx_word' id='word_1_96' title='bbox 634 1455 738 1520; x_wconf 90' lang='lat' dir='ltr'><strong>nostri</strong></span> <span class='ocrx_word' id='word_1_97' title='bbox 761 1454 930 1520; x_wconf 86' lang='lat' dir='ltr'><strong>laureandi</strong></span> <span class='ocrx_word' id='word_1_98' title='bbox 960 1477 1027 1540; x_wconf 84' lang='lat' dir='ltr'><strong>quo</strong></span> <span class='ocrx_word' id='word_1_99' title='bbox 1048 1455 1182 1522; x_wconf 79' lang='lat' dir='ltr'><strong>facilius</strong></span> <span class='ocrx_word' id='word_1_100' title='bbox 1205 1477 1252 1521; x_wconf 89' lang='lat' dir='ltr'><strong>ra·</strong></span> <span class='ocrx_word' id='word_1_101' title='bbox 1307 1462 1396 1506; x_wconf 62' lang='lat'><strong>‘²&#39;</strong></span> 
     </span>
     <span class='ocr_line' id='line_1_14' title="bbox 80 1560 1398 1646; baseline -0.002 -18"><span class='ocrx_word' id='word_1_102' title='bbox 80 1582 168 1628; x_wconf 89' lang='lat' dir='ltr'><strong>mum</strong></span> <span class='ocrx_word' id='word_1_103' title='bbox 191 1560 368 1627; x_wconf 83' lang='lat' dir='ltr'><strong>dextimum</strong></span> <span class='ocrx_word' id='word_1_104' title='bbox 393 1561 602 1645; x_wconf 68' lang='lat' dir='ltr'><strong>pithagoricos</strong></span> <span class='ocrx_word' id='word_1_105' title='bbox 626 1560 747 1625; x_wconf 79' lang='lat' dir='ltr'><strong>laurea</strong></span> <span class='ocrx_word' id='word_1_106' title='bbox 770 1568 965 1642; x_wconf 89' lang='lat' dir='ltr'><strong>superarent</strong></span> <span class='ocrx_word' id='word_1_107' title='bbox 989 1561 1038 1643; x_wconf 86' lang='lat' dir='ltr'><strong>(et</strong></span> <span class='ocrx_word' id='word_1_108' title='bbox 1060 1561 1099 1628; x_wconf 92' lang='lat' dir='ltr'><strong>id</strong></span> <span class='ocrx_word' id='word_1_109' title='bbox 1122 1560 1250 1646; x_wconf 91' lang='lat' dir='ltr'><strong>quidem</strong></span> <span class='ocrx_word' id='word_1_110' title='bbox 1317 1564 1398 1616; x_wconf 62' lang='grc' dir='ltr'><strong>ΠΗ</strong></span> 
     </span>
     <span class='ocr_line' id='line_1_15' title="bbox 79 1665 1396 1752; baseline 0.001 -20"><span class='ocrx_word' id='word_1_111' title='bbox 79 1666 155 1733; x_wconf 91' lang='lat' dir='ltr'><strong>dum</strong></span> <span class='ocrx_word' id='word_1_112' title='bbox 185 1665 488 1751; x_wconf 65' lang='lat' dir='ltr'><strong>sola‘plrilosophia</strong></span> <span class='ocrx_word' id='word_1_113' title='bbox 521 1666 709 1730; x_wconf 86' lang='lat' dir='ltr'><strong>moderetur</strong></span> <span class='ocrx_word' id='word_1_114' title='bbox 738 1665 846 1748; x_wconf 80' lang='lat' dir='ltr'><strong>facile)</strong></span> <span class='ocrx_word' id='word_1_115' title='bbox 877 1667 982 1733; x_wconf 86' lang='lat' dir='ltr'><strong>multa</strong></span> <span class='ocrx_word' id='word_1_116' title='bbox 1013 1674 1152 1752; x_wconf 88' lang='lat' dir='ltr'><strong>propter</strong></span> <span class='ocrx_word' id='word_1_117' title='bbox 1184 1688 1252 1733; x_wconf 90' lang='lat' dir='ltr'><strong>eam</strong></span> <span class='ocrx_word' id='word_1_118' title='bbox 1340 1684 1355 1712; x_wconf 91' lang='lat'><em>·</em></span> <span class='ocrx_word' id='word_1_119' title='bbox 1373 1676 1396 1706; x_wconf 80' lang='lat'><strong>⁸¹</strong></span> 
     </span>
     <span class='ocr_line' id='line_1_16' title="bbox 80 1771 1399 1858; baseline -0.001 -19"><span class='ocrx_word' id='word_1_120' title='bbox 80 1780 195 1858; x_wconf 84' lang='lat' dir='ltr'><strong>sponte</strong></span> <span class='ocrx_word' id='word_1_121' title='bbox 218 1778 460 1838; x_wconf 84' lang='lat' dir='ltr'><strong>contemserunt</strong></span> <span class='ocrx_word' id='word_1_122' title='bbox 483 1771 601 1856; x_wconf 90' lang='lat' dir='ltr'><strong>quibus</strong></span> <span class='ocrx_word' id='word_1_123' title='bbox 625 1771 773 1855; x_wconf 84' lang='lat' dir='ltr'><strong>plerique</strong></span> <span class='ocrx_word' id='word_1_124' title='bbox 797 1772 938 1838; x_wconf 82' lang='lat' dir='ltr'><strong>maxime</strong></span> <span class='ocrx_word' id='word_1_125' title='bbox 961 1772 1157 1855; x_wconf 82' lang='lat' dir='ltr'><strong>gloriantur,</strong></span> <span class='ocrx_word' id='word_1_126' title='bbox 1183 1793 1252 1838; x_wconf 91' lang='lat' dir='ltr'><strong>cum</strong></span> <span class='ocrx_word' id='word_1_127' title='bbox 1339 1789 1354 1817; x_wconf 89' lang='lat'><em>·</em></span> <span class='ocrx_word' id='word_1_128' title='bbox 1372 1781 1399 1811; x_wconf 78' lang='lat'><strong>¹¹</strong></span> 
     </span>
     <span class='ocr_line' id='line_1_17' title="bbox 80 1877 1358 1963; baseline -0.001 -19"><span class='ocrx_word' id='word_1_129' title='bbox 80 1878 232 1963; x_wconf 79' lang='lat' dir='ltr'><strong>Dyogeue</strong></span> <span class='ocrx_word' id='word_1_130' title='bbox 256 1878 440 1957; x_wconf 86' lang='lat' dir='ltr'><strong>societates,</strong></span> <span class='ocrx_word' id='word_1_131' title='bbox 463 1899 535 1942; x_wconf 93' lang='lat' dir='ltr'><strong>cum</strong></span> <span class='ocrx_word' id='word_1_132' title='bbox 560 1877 696 1942; x_wconf 80' lang='lat' dir='ltr'><strong>Thalete</strong></span> <span class='ocrx_word' id='word_1_133' title='bbox 719 1878 905 1957; x_wconf 82' lang='lat' dir='ltr'><strong>avariciam,</strong></span> <span class='ocrx_word' id='word_1_134' title='bbox 928 1899 1002 1943; x_wconf 87' lang='lat' dir='ltr'><strong>cunr</strong></span> <span class='ocrx_word' id='word_1_135' title='bbox 1024 1879 1181 1945; x_wconf 85' lang='lat' dir='ltr'><strong>Zaioua⁴</strong></span> <span class='ocrx_word' id='word_1_136' title='bbox 1203 1899 1252 1943; x_wconf 79' lang='lat' dir='ltr'><strong>ra</strong></span> <span class='ocrx_word' id='word_1_137' title='bbox 1316 1903 1358 1917; x_wconf 84' lang='lat'><strong>-·</strong></span> 
     </span>
     <span class='ocr_line' id='line_1_18' title="bbox 80 1982 1399 2069; baseline 0.003 -21"><span class='ocrx_word' id='word_1_138' title='bbox 80 1982 178 2068; x_wconf 73' lang='lat' dir='ltr'><strong>gandi</strong></span> <span class='ocrx_word' id='word_1_139' title='bbox 199 1989 338 2061; x_wconf 92' lang='lat' dir='ltr'><strong>motum,</strong></span> <span class='ocrx_word' id='word_1_140' title='bbox 368 2004 441 2048; x_wconf 93' lang='lat' dir='ltr'><strong>cum</strong></span> <span class='ocrx_word' id='word_1_141' title='bbox 467 1982 597 2048; x_wconf 85' lang='lat' dir='ltr'><strong>llelisso</strong></span> <span class='ocrx_word' id='word_1_142' title='bbox 621 1982 876 2062; x_wconf 86' lang='lat' dir='ltr'><strong>multitudinem,</strong></span> <span class='ocrx_word' id='word_1_143' title='bbox 909 1983 1049 2069; x_wconf 86' lang='lat' dir='ltr'><strong>denique</strong></span> <span class='ocrx_word' id='word_1_144' title='bbox 1077 2006 1153 2051; x_wconf 90' lang='lat' dir='ltr'><strong>cum</strong></span> <span class='ocrx_word' id='word_1_145' title='bbox 1178 1983 1254 2052; x_wconf 85' lang='lat' dir='ltr'><strong>Gar·</strong></span> <span class='ocrx_word' id='word_1_146' title='bbox 1312 2007 1357 2023; x_wconf 69' lang='lat'><strong>⁴⁹</strong></span> <span class='ocrx_word' id='word_1_147' title='bbox 1396 1994 1399 2015; x_wconf 83' lang='lat'><strong>¹</strong></span> 
     </span>
     <span class='ocr_line' id='line_1_19' title="bbox 82 2087 1253 2179; baseline 0.001 -24"><span class='ocrx_word' id='word_1_148' title='bbox 82 2087 185 2155; x_wconf 88' lang='lat' dir='ltr'><strong>aeade</strong></span> <span class='ocrx_word' id='word_1_149' title='bbox 207 2087 318 2154; x_wconf 82' lang='lat' dir='ltr'><strong>luxum</strong></span> <span class='ocrx_word' id='word_1_150' title='bbox 343 2088 563 2172; x_wconf 88' lang='lat' dir='ltr'><strong>deposuerunt</strong></span> <span class='ocrx_word' id='word_1_151' title='bbox 593 2097 626 2153; x_wconf 87' lang='lat' dir='ltr'><strong>et</strong></span> <span class='ocrx_word' id='word_1_152' title='bbox 647 2088 902 2173; x_wconf 87' lang='lat' dir='ltr'><strong>impudenciam,</strong></span> <span class='ocrx_word' id='word_1_153' title='bbox 933 2096 971 2155; x_wconf 92' lang='lat' dir='ltr'><strong>ut</strong></span> <span class='ocrx_word' id='word_1_154' title='bbox 991 2088 1130 2156; x_wconf 83' lang='lat' dir='ltr'><strong>tandem</strong></span> <span class='ocrx_word' id='word_1_155' title='bbox 1151 2089 1253 2179; x_wconf 85' lang='lat' dir='ltr'><strong>philo</strong></span> 
     </span>
     <span class='ocr_line' id='line_1_20' title="bbox 82 2179 1357 2281; baseline 0.002 -20"><span class='ocrx_word' id='word_1_156' title='bbox 82 2192 204 2278; x_wconf 80' lang='lat' dir='ltr'><strong>sophia</strong></span> <span class='ocrx_word' id='word_1_157' title='bbox 235 2193 446 2258; x_wconf 83' lang='lat' dir='ltr'><strong>sanctissima</strong></span> <span class='ocrx_word' id='word_1_158' title='bbox 479 2215 573 2277; x_wconf 87' lang='lat' dir='ltr'><strong>quam</strong></span> <span class='ocrx_word' id='word_1_159' title='bbox 605 2192 802 2260; x_wconf 87' lang='lat' dir='ltr'><strong>affectarunt</strong></span> <span class='ocrx_word' id='word_1_160' title='bbox 826 2193 848 2275; x_wconf 79' lang='lat'><strong>⁵,</strong></span> <span class='ocrx_word' id='word_1_161' title='bbox 881 2194 1000 2261; x_wconf 90' lang='lat' dir='ltr'><strong>saltem</strong></span> <span class='ocrx_word' id='word_1_162' title='bbox 1033 2216 1102 2262; x_wconf 90' lang='lat' dir='ltr'><strong>non</strong></span> <span class='ocrx_word' id='word_1_163' title='bbox 1131 2195 1253 2281; x_wconf 80' lang='lat' dir='ltr'><strong>indigui</strong></span> <span class='ocrx_word' id='word_1_164' title='bbox 1334 2179 1357 2193; x_wconf 71' lang='grc'><strong><em>’</em></strong></span> 
     </span>
     <span class='ocr_line' id='line_1_21' title="bbox 83 2297 1399 2385; baseline 0.002 -19"><span class='ocrx_word' id='word_1_165' title='bbox 83 2297 232 2383; x_wconf 88' lang='lat' dir='ltr'><strong>discipuli</strong></span> <span class='ocrx_word' id='word_1_166' title='bbox 249 2297 490 2383; x_wconf 85' lang='lat' dir='ltr'><strong>judicarentur,</strong></span> <span class='ocrx_word' id='word_1_167' title='bbox 524 2300 645 2384; x_wconf 91' lang='lat' dir='ltr'><strong>qnippe</strong></span> <span class='ocrx_word' id='word_1_168' title='bbox 668 2320 741 2384; x_wconf 86' lang='lat' dir='ltr'><strong>quae</strong></span> <span class='ocrx_word' id='word_1_169' title='bbox 764 2298 967 2385; x_wconf 84' lang='lat' dir='ltr'><strong>philosophia</strong></span> <span class='ocrx_word' id='word_1_170' title='bbox 989 2300 1096 2367; x_wconf 90' lang='lat' dir='ltr'><strong>solum</strong></span> <span class='ocrx_word' id='word_1_171' title='bbox 1120 2302 1253 2369; x_wconf 83' lang='lat' dir='ltr'><strong>beatum</strong></span> <span class='ocrx_word' id='word_1_172' title='bbox 1361 2307 1399 2339; x_wconf 82' lang='lat'><strong>⁸¹</strong></span> 
     </span>
     <span class='ocr_line' id='line_1_22' title="bbox 80 2402 1254 2491; baseline 0.002 -19"><span class='ocrx_word' id='word_1_173' title='bbox 80 2404 160 2472; x_wconf 82' lang='lat' dir='ltr'><strong>lacit</strong></span> <span class='ocrx_word' id='word_1_174' title='bbox 188 2404 349 2472; x_wconf 90' lang='lat' dir='ltr'><strong>hominem</strong></span> <span class='ocrx_word' id='word_1_175' title='bbox 380 2402 594 2489; x_wconf 90' lang='lat' dir='ltr'><strong>celitibusque</strong></span> <span class='ocrx_word' id='word_1_176' title='bbox 625 2403 853 2488; x_wconf 79' lang='lat' dir='ltr'><strong>intelligenciis</strong></span> <span class='ocrx_word' id='word_1_177' title='bbox 882 2407 1132 2491; x_wconf 87' lang='lat' dir='ltr'><strong>proximiorem,</strong></span> <span class='ocrx_word' id='word_1_178' title='bbox 1160 2407 1254 2474; x_wconf 89' lang='lat' dir='ltr'><strong>iutel-</strong></span> 
     </span>
    </p>
   </div>
   <div class='ocr_carea' id='block_1_3' title="bbox 81 2509 1392 3022">
    <p class='ocr_par' dir='ltr' id='par_1_4' title="bbox 81 2509 1392 3022">
     <span class='ocr_line' id='line_1_23' title="bbox 81 2509 1382 2600; baseline 0.002 -23"><span class='ocrx_word' id='word_1_179' title='bbox 81 2511 201 2577; x_wconf 88' lang='lat' dir='ltr'><strong>lcctum</strong></span> <span class='ocrx_word' id='word_1_180' title='bbox 224 2509 387 2576; x_wconf 92' lang='lat' dir='ltr'><strong>illuminat</strong></span> <span class='ocrx_word' id='word_1_181' title='bbox 410 2516 446 2575; x_wconf 92' lang='lat' dir='ltr'><strong>ut</strong></span> <span class='ocrx_word' id='word_1_182' title='bbox 469 2511 565 2590; x_wconf 89' lang='lat' dir='ltr'><strong>sciat,</strong></span> <span class='ocrx_word' id='word_1_183' title='bbox 597 2509 749 2576; x_wconf 87' lang='lat' dir='ltr'><strong>affectum</strong></span> <span class='ocrx_word' id='word_1_184' title='bbox 772 2510 952 2578; x_wconf 89' lang='lat' dir='ltr'><strong>inflammat</strong></span> <span class='ocrx_word' id='word_1_185' title='bbox 974 2520 1011 2578; x_wconf 95' lang='lat' dir='ltr'><strong>ut</strong></span> <span class='ocrx_word' id='word_1_186' title='bbox 1033 2513 1129 2594; x_wconf 86' lang='lat' dir='ltr'><strong>velit,</strong></span> <span class='ocrx_word' id='word_1_187' title='bbox 1160 2535 1254 2600; x_wconf 87' lang='lat' dir='ltr'><strong>opem</strong></span> <span class='ocrx_word' id='word_1_188' title='bbox 1369 2520 1382 2549; x_wconf 86' lang='lat'>¹</span> 
     </span>
     <span class='ocr_line' id='line_1_24' title="bbox 82 2617 1254 2703; baseline 0.003 -20"><span class='ocrx_word' id='word_1_189' title='bbox 82 2617 225 2702; x_wconf 75' lang='lat' dir='ltr'><strong>suggerit</strong></span> <span class='ocrx_word' id='word_1_190' title='bbox 247 2624 285 2682; x_wconf 90' lang='lat' dir='ltr'><strong>ut</strong></span> <span class='ocrx_word' id='word_1_191' title='bbox 307 2617 420 2700; x_wconf 82' lang='lat' dir='ltr'><strong>possit.</strong></span> <span class='ocrx_word' id='word_1_192' title='bbox 467 2617 603 2681; x_wconf 88' lang='lat' dir='ltr'><strong>Demum</strong></span> <span class='ocrx_word' id='word_1_193' title='bbox 635 2617 777 2682; x_wconf 88' lang='lat' dir='ltr'><strong>instituit</strong></span> <span class='ocrx_word' id='word_1_194' title='bbox 800 2624 837 2682; x_wconf 89' lang='lat' dir='ltr'><strong>ut</strong></span> <span class='ocrx_word' id='word_1_195' title='bbox 859 2625 974 2703; x_wconf 88' lang='lat' dir='ltr'><strong>crepat</strong></span> <span class='ocrx_word' id='word_1_196' title='bbox 995 2619 1182 2687; x_wconf 90' lang='lat' dir='ltr'><strong>mutatione</strong></span> <span class='ocrx_word' id='word_1_197' title='bbox 1205 2641 1254 2686; x_wconf 82' lang='lat' dir='ltr'><strong>co</strong></span> 
     </span>
     <span class='ocr_line' id='line_1_25' title="bbox 81 2721 1374 2806; baseline -0.002 -17"><span class='ocrx_word' id='word_1_198' title='bbox 81 2722 186 2790; x_wconf 88' lang='lat' dir='ltr'><strong>munit</strong></span> <span class='ocrx_word' id='word_1_199' title='bbox 208 2729 246 2788; x_wconf 91' lang='lat' dir='ltr'><strong>ut</strong></span> <span class='ocrx_word' id='word_1_200' title='bbox 268 2722 423 2806; x_wconf 88' lang='lat' dir='ltr'><strong>quiescat,</strong></span> <span class='ocrx_word' id='word_1_201' title='bbox 447 2721 577 2804; x_wconf 85' lang='lat' dir='ltr'><strong>regibus</strong></span> <span class='ocrx_word' id='word_1_202' title='bbox 599 2721 817 2806; x_wconf 86' lang='lat' dir='ltr'><strong>prudentiam,</strong></span> <span class='ocrx_word' id='word_1_203' title='bbox 840 2723 997 2791; x_wconf 88' lang='lat' dir='ltr'><strong>militibus</strong></span> <span class='ocrx_word' id='word_1_204' title='bbox 1016 2724 1254 2805; x_wconf 84' lang='lat' dir='ltr'><strong>fortitudinem,</strong></span> <span class='ocrx_word' id='word_1_205' title='bbox 1351 2756 1374 2786; x_wconf 63' lang='grc' dir='ltr'><em>ς</em></span> 
     </span>
     <span class='ocr_line' id='line_1_26' title="bbox 81 2826 1254 2914; baseline 0.001 -19"><span class='ocrx_word' id='word_1_206' title='bbox 81 2828 274 2913; x_wconf 74' lang='lat' dir='ltr'><strong>pastoribus</strong></span> <span class='ocrx_word' id='word_1_207' title='bbox 292 2829 472 2912; x_wconf 90' lang='lat' dir='ltr'><strong>justitiam,</strong></span> <span class='ocrx_word' id='word_1_208' title='bbox 504 2826 710 2912; x_wconf 88' lang='lat' dir='ltr'><strong>pontificibus</strong></span> <span class='ocrx_word' id='word_1_209' title='bbox 740 2830 989 2914; x_wconf 89' lang='lat' dir='ltr'><strong>temperantiam</strong></span> <span class='ocrx_word' id='word_1_210' title='bbox 1012 2829 1166 2898; x_wconf 90' lang='lat' dir='ltr'><strong>omuibus</strong></span> <span class='ocrx_word' id='word_1_211' title='bbox 1191 2853 1254 2897; x_wconf 92' lang='lat' dir='ltr'><strong>om·</strong></span> 
     </span>
     <span class='ocr_line' id='line_1_27' title="bbox 82 2934 1392 3022; baseline 0.001 -21"><span class='ocrx_word' id='word_1_212' title='bbox 82 2935 137 3001; x_wconf 89' lang='lat' dir='ltr'><strong>uia</strong></span> <span class='ocrx_word' id='word_1_213' title='bbox 158 2941 295 3019; x_wconf 81' lang='lat' dir='ltr'><strong>praestat</strong></span> <span class='ocrx_word' id='word_1_214' title='bbox 318 2934 487 3000; x_wconf 89' lang='lat' dir='ltr'><strong>commoda</strong></span> <span class='ocrx_word' id='word_1_215' title='bbox 504 2936 516 2971; x_wconf 80' lang='lat'><strong>‘⁵</strong></span> <span class='ocrx_word' id='word_1_216' title='bbox 540 2942 676 3018; x_wconf 74' lang='lat' dir='ltr'><strong>praestat</strong></span> <span class='ocrx_word' id='word_1_217' title='bbox 699 2934 777 3000; x_wconf 89' lang='lat' dir='ltr'><strong>item</strong></span> <span class='ocrx_word' id='word_1_218' title='bbox 800 2936 909 3001; x_wconf 87' lang='lat' dir='ltr'><strong>omnia</strong></span> <span class='ocrx_word' id='word_1_219' title='bbox 932 2957 1003 3020; x_wconf 84' lang='lat' dir='ltr'><strong>quae</strong></span> <span class='ocrx_word' id='word_1_220' title='bbox 1026 2936 1168 3022; x_wconf 88' lang='lat' dir='ltr'><strong>quisque</strong></span> <span class='ocrx_word' id='word_1_221' title='bbox 1191 2936 1254 3004; x_wconf 87' lang='lat' dir='ltr'><strong>rol·</strong></span> <span class='ocrx_word' id='word_1_222' title='bbox 1352 2953 1392 2967; x_wconf 73' lang='grc'><strong>·’</strong></span> 
     </span>
    </p>
   </div>
   <div class='ocr_carea' id='block_1_4' title="bbox 54 3038 1396 3760">
    <p class='ocr_par' dir='ltr' id='par_1_5' title="bbox 54 3038 1396 3760">
     <span class='ocr_line' id='line_1_28' title="bbox 83 3038 1386 3124; baseline 0.002 -19"><span class='ocrx_word' id='word_1_223' title='bbox 83 3040 137 3119; x_wconf 86' lang='lat' dir='ltr'><strong>rit,</strong></span> <span class='ocrx_word' id='word_1_224' title='bbox 160 3038 257 3106; x_wconf 94' lang='lat' dir='ltr'><strong>modo</strong></span> <span class='ocrx_word' id='word_1_225' title='bbox 289 3039 332 3105; x_wconf 89' lang='lat' dir='ltr'><strong>sit</strong></span> <span class='ocrx_word' id='word_1_226' title='bbox 360 3039 562 3124; x_wconf 83' lang='lat' dir='ltr'><strong>investigata,</strong></span> <span class='ocrx_word' id='word_1_227' title='bbox 593 3038 691 3105; x_wconf 92' lang='lat' dir='ltr'><strong>modo</strong></span> <span class='ocrx_word' id='word_1_228' title='bbox 722 3040 766 3106; x_wconf 92' lang='lat' dir='ltr'><strong>sit</strong></span> <span class='ocrx_word' id='word_1_229' title='bbox 797 3041 944 3122; x_wconf 84' lang='lat' dir='ltr'><strong>iuventa,</strong></span> <span class='ocrx_word' id='word_1_230' title='bbox 976 3041 1073 3108; x_wconf 91' lang='lat' dir='ltr'><strong>modo</strong></span> <span class='ocrx_word' id='word_1_231' title='bbox 1108 3043 1154 3108; x_wconf 86' lang='lat' dir='ltr'><strong>sit</strong></span> <span class='ocrx_word' id='word_1_232' title='bbox 1185 3042 1254 3108; x_wconf 91' lang='lat' dir='ltr'><strong>dili·</strong></span> <span class='ocrx_word' id='word_1_233' title='bbox 1348 3059 1386 3075; x_wconf 75' lang='lat'><strong><em>‘</em></strong></span> 
     </span>
     <span class='ocr_line' id='line_1_29' title="bbox 81 3143 1379 3232; baseline 0 -22"><span class='ocrx_word' id='word_1_234' title='bbox 81 3143 267 3229; x_wconf 81' lang='lat' dir='ltr'><strong>gentissime</strong></span> <span class='ocrx_word' id='word_1_235' title='bbox 297 3153 497 3210; x_wconf 86' lang='lat' dir='ltr'><strong>conservata.</strong></span> <span class='ocrx_word' id='word_1_236' title='bbox 544 3144 637 3223; x_wconf 86' lang='lat' dir='ltr'><strong>Quod</strong></span> <span class='ocrx_word' id='word_1_237' title='bbox 667 3145 695 3211; x_wconf 91' lang='lat' dir='ltr'><strong>si</strong></span> <span class='ocrx_word' id='word_1_238' title='bbox 726 3147 829 3212; x_wconf 92' lang='lat' dir='ltr'><strong>amico</strong></span> <span class='ocrx_word' id='word_1_239' title='bbox 861 3147 975 3214; x_wconf 85' lang='lat' dir='ltr'><strong>stricte</strong></span> <span class='ocrx_word' id='word_1_240' title='bbox 1004 3148 1252 3232; x_wconf 79' lang='lat' dir='ltr'><strong>acquiescimus,</strong></span> <span class='ocrx_word' id='word_1_241' title='bbox 1355 3181 1379 3210; x_wconf 75' lang='lat' dir='ltr'><strong>e</strong></span> 
     </span>
     <span class='ocr_line' id='line_1_30' title="bbox 82 3248 1396 3335; baseline 0.006 -22"><span class='ocrx_word' id='word_1_242' title='bbox 82 3250 154 3334; x_wconf 86' lang='lat' dir='ltr'><strong>ipsa</strong></span> <span class='ocrx_word' id='word_1_243' title='bbox 176 3248 226 3315; x_wconf 92' lang='lat' dir='ltr'><strong>dis</strong></span> <span class='ocrx_word' id='word_1_244' title='bbox 242 3248 416 3315; x_wconf 81' lang='lat' dir='ltr'><strong>celestibus</strong></span> <span class='ocrx_word' id='word_1_245' title='bbox 432 3250 520 3316; x_wconf 87' lang='lat' dir='ltr'><strong>haud</strong></span> <span class='ocrx_word' id='word_1_246' title='bbox 535 3272 650 3335; x_wconf 88' lang='lat' dir='ltr'><strong>parum</strong></span> <span class='ocrx_word' id='word_1_247' title='bbox 675 3258 725 3316; x_wconf 89' lang='lat' dir='ltr'><strong>est</strong></span> <span class='ocrx_word' id='word_1_248' title='bbox 740 3252 957 3335; x_wconf 85' lang='lat' dir='ltr'><strong>praestantior,</strong></span> <span class='ocrx_word' id='word_1_249' title='bbox 980 3274 1054 3318; x_wconf 93' lang='lat' dir='ltr'><strong>cum</strong></span> <span class='ocrx_word' id='word_1_250' title='bbox 1076 3253 1124 3320; x_wconf 89' lang='lat' dir='ltr'><strong>sit</strong></span> <span class='ocrx_word' id='word_1_251' title='bbox 1139 3253 1251 3320; x_wconf 93' lang='lat' dir='ltr'><strong>horum</strong></span> <span class='ocrx_word' id='word_1_252' title='bbox 1378 3264 1396 3295; x_wconf 79' lang='lat'><strong>¹</strong></span> 
     </span>
     <span class='ocr_line' id='line_1_31' title="bbox 54 3350 1393 3446; baseline 0.004 -25"><span class='ocrx_word' id='word_1_253' title='bbox 54 3350 58 3355; x_wconf 71' lang='grc'><strong>’</strong></span> <span class='ocrx_word' id='word_1_254' title='bbox 82 3374 200 3421; x_wconf 87' lang='lat' dir='ltr'><strong>munus</strong></span> <span class='ocrx_word' id='word_1_255' title='bbox 223 3355 309 3438; x_wconf 90' lang='lat' dir='ltr'><strong>quod</strong></span> <span class='ocrx_word' id='word_1_256' title='bbox 333 3356 475 3435; x_wconf 83' lang='lat' dir='ltr'><strong>vivimus,</strong></span> <span class='ocrx_word' id='word_1_257' title='bbox 499 3356 584 3422; x_wconf 90' lang='lat' dir='ltr'><strong>illius</strong></span> <span class='ocrx_word' id='word_1_258' title='bbox 608 3364 717 3423; x_wconf 89' lang='lat' dir='ltr'><strong>autem</strong></span> <span class='ocrx_word' id='word_1_259' title='bbox 733 3357 821 3441; x_wconf 88' lang='lat' dir='ltr'><strong>quod</strong></span> <span class='ocrx_word' id='word_1_260' title='bbox 845 3357 926 3423; x_wconf 89' lang='lat' dir='ltr'><strong>bene</strong></span> <span class='ocrx_word' id='word_1_261' title='bbox 941 3359 1088 3424; x_wconf 83' lang='lat' dir='ltr'><strong>vivimus.</strong></span> <span class='ocrx_word' id='word_1_262' title='bbox 1131 3359 1165 3426; x_wconf 87' lang='lat' dir='ltr'><strong>Si</strong></span> <span class='ocrx_word' id='word_1_263' title='bbox 1180 3382 1251 3446; x_wconf 90' lang='lat' dir='ltr'><strong>poe·</strong></span> <span class='ocrx_word' id='word_1_264' title='bbox 1336 3380 1393 3396; x_wconf 79' lang='grc'><strong>··’</strong></span> 
     </span>
     <span class='ocr_line' id='line_1_32' title="bbox 81 3459 1383 3551; baseline 0.004 -25"><span class='ocrx_word' id='word_1_265' title='bbox 81 3460 124 3527; x_wconf 90' lang='lat' dir='ltr'><strong>tis</strong></span> <span class='ocrx_word' id='word_1_266' title='bbox 147 3459 368 3527; x_wconf 85' lang='lat' dir='ltr'><strong>auscultamus</strong></span> <span class='ocrx_word' id='word_1_267' title='bbox 391 3462 463 3546; x_wconf 88' lang='lat' dir='ltr'><strong>ipsa</strong></span> <span class='ocrx_word' id='word_1_268' title='bbox 492 3471 542 3528; x_wconf 90' lang='lat' dir='ltr'><strong>est</strong></span> <span class='ocrx_word' id='word_1_269' title='bbox 566 3485 605 3528; x_wconf 83' lang='lat' dir='ltr'><strong>ex</strong></span> <span class='ocrx_word' id='word_1_270' title='bbox 634 3464 739 3546; x_wconf 91' lang='lat' dir='ltr'><strong>capite</strong></span> <span class='ocrx_word' id='word_1_271' title='bbox 763 3464 852 3530; x_wconf 83' lang='lat' dir='ltr'><strong>Jovis</strong></span> <span class='ocrx_word' id='word_1_272' title='bbox 880 3465 994 3547; x_wconf 92' lang='lat' dir='ltr'><strong>optimi</strong></span> <span class='ocrx_word' id='word_1_273' title='bbox 1024 3465 1159 3531; x_wconf 85' lang='lat' dir='ltr'><strong>maximi</strong></span> <span class='ocrx_word' id='word_1_274' title='bbox 1179 3488 1248 3551; x_wconf 91' lang='lat' dir='ltr'><strong>pro·</strong></span> <span class='ocrx_word' id='word_1_275' title='bbox 1325 3493 1383 3505; x_wconf 89' lang='lat'><strong>-·</strong></span> 
     </span>
     <span class='ocr_line' id='line_1_33' title="bbox 82 3567 1373 3653; baseline -0.002 -21"><span class='ocrx_word' id='word_1_276' title='bbox 82 3573 211 3648; x_wconf 77' lang='lat' dir='ltr'><strong>creata,</strong></span> <span class='ocrx_word' id='word_1_277' title='bbox 234 3568 283 3634; x_wconf 89' lang='lat' dir='ltr'><strong>sin</strong></span> <span class='ocrx_word' id='word_1_278' title='bbox 307 3567 518 3634; x_wconf 86' lang='lat' dir='ltr'><strong>Hebraeorum</strong></span> <span class='ocrx_word' id='word_1_279' title='bbox 536 3570 747 3652; x_wconf 89' lang='lat' dir='ltr'><strong>sapientibus,</strong></span> <span class='ocrx_word' id='word_1_280' title='bbox 770 3570 842 3653; x_wconf 89' lang='lat' dir='ltr'><strong>ipss</strong></span> <span class='ocrx_word' id='word_1_281' title='bbox 858 3576 909 3635; x_wconf 91' lang='lat' dir='ltr'><strong>est</strong></span> <span class='ocrx_word' id='word_1_282' title='bbox 930 3569 1039 3636; x_wconf 89' lang='lat' dir='ltr'><strong>lumen</strong></span> <span class='ocrx_word' id='word_1_283' title='bbox 1063 3570 1163 3636; x_wconf 83' lang='lat' dir='ltr'><strong>divini</strong></span> <span class='ocrx_word' id='word_1_284' title='bbox 1186 3569 1246 3634; x_wconf 83' lang='lat' dir='ltr'><strong>vul·</strong></span> <span class='ocrx_word' id='word_1_285' title='bbox 1302 3602 1373 3630; x_wconf 89' lang='lat'><strong>-.</strong></span> 
     </span>
     <span class='ocr_line' id='line_1_34' title="bbox 81 3673 1201 3760; baseline 0.001 -21"><span class='ocrx_word' id='word_1_286' title='bbox 81 3679 134 3739; x_wconf 88' lang='lat' dir='ltr'><strong>tus</strong></span> <span class='ocrx_word' id='word_1_287' title='bbox 158 3679 191 3738; x_wconf 88' lang='lat' dir='ltr'><strong>et</strong></span> <span class='ocrx_word' id='word_1_288' title='bbox 214 3673 367 3758; x_wconf 87' lang='lat' dir='ltr'><strong>splendor</strong></span> <span class='ocrx_word' id='word_1_289' title='bbox 391 3673 510 3738; x_wconf 87' lang='lat' dir='ltr'><strong>domini</strong></span> <span class='ocrx_word' id='word_1_290' title='bbox 535 3675 586 3739; x_wconf 91' lang='lat' dir='ltr'><strong>dei</strong></span> <span class='ocrx_word' id='word_1_291' title='bbox 605 3676 709 3741; x_wconf 88' lang='lat' dir='ltr'><strong>nostri</strong></span> <span class='ocrx_word' id='word_1_292' title='bbox 732 3677 789 3760; x_wconf 87' lang='lat' dir='ltr'><strong>qui</strong></span> <span class='ocrx_word' id='word_1_293' title='bbox 813 3696 992 3758; x_wconf 88' lang='lat' dir='ltr'><strong>supernos</strong></span> <span class='ocrx_word' id='word_1_294' title='bbox 1016 3674 1201 3742; x_wconf 85' lang='lat' dir='ltr'><strong>effunditur.</strong></span> 
     </span>
    </p>
   </div>
   <div class='ocr_carea' id='block_1_5' title="bbox 81 3850 1371 4272">
    <p class='ocr_par' dir='ltr' id='par_1_6' title="bbox 81 3850 1371 4272">
     <span class='ocr_line' id='line_1_35' title="bbox 157 3850 1371 3923; baseline 0.002 -25"><span class='ocrx_word' id='word_1_295' title='bbox 157 3854 167 3898; x_wconf 96' lang='lat' dir='ltr'><strong>l</strong></span> <span class='ocrx_word' id='word_1_296' title='bbox 198 3850 372 3902; x_wconf 87' lang='lat' dir='ltr'><strong>Brachononu</strong></span> <span class='ocrx_word' id='word_1_297' title='bbox 397 3852 533 3902; x_wconf 83' lang='lat' dir='ltr'><strong>succedens</strong></span> <span class='ocrx_word' id='word_1_298' title='bbox 559 3870 643 3914; x_wconf 72' lang='lat' dir='ltr'><strong>macr,</strong></span> <span class='ocrx_word' id='word_1_299' title='bbox 672 3852 788 3920; x_wconf 85' lang='lat' dir='ltr'><strong>gemeiut</strong></span> <span class='ocrx_word' id='word_1_300' title='bbox 814 3853 850 3903; x_wconf 87' lang='lat' dir='ltr'><strong>ist</strong></span> <span class='ocrx_word' id='word_1_301' title='bbox 876 3852 1028 3918; x_wconf 85' lang='lat' dir='ltr'><strong>jedeufalls:</strong></span> <span class='ocrx_word' id='word_1_302' title='bbox 1058 3853 1248 3912; x_wconf 77' lang='lat' dir='ltr'><strong>Brachmanae.-</strong></span> <span class='ocrx_word' id='word_1_303' title='bbox 1350 3876 1371 3923; x_wconf 63' lang='grc' dir='ltr'><strong><em>ς</em></strong></span> 
     </span>
     <span class='ocr_line' id='line_1_36' title="bbox 82 3936 1358 4006; baseline 0.003 -20"><span class='ocrx_word' id='word_1_304' title='bbox 82 3936 140 3987; x_wconf 80' lang='lat' dir='ltr'><strong>aina</strong></span> <span class='ocrx_word' id='word_1_305' title='bbox 157 3952 225 4003; x_wconf 76' lang='lat' dir='ltr'><strong>gana</strong></span> <span class='ocrx_word' id='word_1_306' title='bbox 243 3939 365 3990; x_wconf 79' lang='lat' dir='ltr'><strong>thaliche</strong></span> <span class='ocrx_word' id='word_1_307' title='bbox 384 3940 458 3990; x_wconf 87' lang='lat' dir='ltr'><strong>stelle</strong></span> <span class='ocrx_word' id='word_1_308' title='bbox 477 3940 530 4006; x_wconf 80' lang='lat' dir='ltr'><strong>vgl.</strong></span> <span class='ocrx_word' id='word_1_309' title='bbox 550 3942 616 3991; x_wconf 86' lang='lat' dir='ltr'><strong>oben</strong></span> <span class='ocrx_word' id='word_1_310' title='bbox 636 3958 656 3991; x_wconf 87' lang='lat' dir='ltr'><strong>s.</strong></span> <span class='ocrx_word' id='word_1_311' title='bbox 680 3942 719 3990; x_wconf 82' lang='lat'><strong>15.</strong></span> <span class='ocrx_word' id='word_1_312' title='bbox 794 3947 808 3991; x_wconf 80' lang='grc'>2</span> <span class='ocrx_word' id='word_1_313' title='bbox 830 3942 864 3992; x_wconf 86' lang='lat' dir='ltr'><strong>So</strong></span> <span class='ocrx_word' id='word_1_314' title='bbox 884 3941 1021 3992; x_wconf 84' lang='lat' dir='ltr'><strong>vermuthe</strong></span> <span class='ocrx_word' id='word_1_315' title='bbox 1043 3942 1100 4006; x_wconf 88' lang='lat' dir='ltr'><strong>ich,</strong></span> <span class='ocrx_word' id='word_1_316' title='bbox 1123 3947 1183 3994; x_wconf 78' lang='lat' dir='ltr'><strong>ststt</strong></span> <span class='ocrx_word' id='word_1_317' title='bbox 1198 3939 1358 4003; x_wconf 52' lang='lat' dir='ltr'><strong>uer</strong></span> 
     </span>
     <span class='ocr_line' id='line_1_37' title="bbox 82 4025 1339 4092; baseline 0.006 -21"><span class='ocrx_word' id='word_1_318' title='bbox 82 4025 345 4077; x_wconf 83' lang='lat' dir='ltr'><strong>unverstttndlichen:</strong></span> <span class='ocrx_word' id='word_1_319' title='bbox 364 4028 449 4078; x_wconf 88' lang='lat' dir='ltr'><strong>detete</strong></span> <span class='ocrx_word' id='word_1_320' title='bbox 468 4044 543 4079; x_wconf 86' lang='lat' dir='ltr'><strong>macr.</strong></span> <span class='ocrx_word' id='word_1_321' title='bbox 605 4032 619 4078; x_wconf 84' lang='lat'><strong>3</strong></span> <span class='ocrx_word' id='word_1_322' title='bbox 638 4030 771 4080; x_wconf 84' lang='lat' dir='ltr'><strong>lucinam</strong></span> <span class='ocrx_word' id='word_1_323' title='bbox 790 4034 868 4079; x_wconf 79' lang='lat' dir='ltr'><strong>wort=</strong></span> <span class='ocrx_word' id='word_1_324' title='bbox 889 4044 965 4080; x_wconf 86' lang='lat' dir='ltr'><strong>mser.</strong></span> <span class='ocrx_word' id='word_1_325' title='bbox 1026 4031 1097 4082; x_wconf 74' lang='lat' dir='ltr'><strong>sao</strong></span> <span class='ocrx_word' id='word_1_326' title='bbox 1114 4025 1339 4092; x_wconf 60' lang='lat' dir='ltr'><strong>nochang</strong></span> 
     </span>
     <span class='ocr_line' id='line_1_38' title="bbox 82 4107 1323 4184; baseline 0.008 -26"><span class='ocrx_word' id='word_1_327' title='bbox 82 4107 198 4160; x_wconf 86' lang='lat' dir='ltr'><strong>deutlich</strong></span> <span class='ocrx_word' id='word_1_328' title='bbox 221 4128 262 4161; x_wconf 88' lang='lat' dir='ltr'><strong>am</strong></span> <span class='ocrx_word' id='word_1_329' title='bbox 286 4115 358 4164; x_wconf 87' lang='lat' dir='ltr'><strong>rand.</strong></span> <span class='ocrx_word' id='word_1_330' title='bbox 433 4122 448 4164; x_wconf 73' lang='grc' dir='ltr'><strong>ῑ)</strong></span> <span class='ocrx_word' id='word_1_331' title='bbox 468 4117 527 4167; x_wconf 87' lang='lat' dir='ltr'><strong>Vua</strong></span> <span class='ocrx_word' id='word_1_332' title='bbox 552 4118 608 4167; x_wconf 90' lang='lat' dir='ltr'><strong>hier</strong></span> <span class='ocrx_word' id='word_1_333' title='bbox 629 4134 664 4167; x_wconf 89' lang='lat' dir='ltr'><strong>au</strong></span> <span class='ocrx_word' id='word_1_334' title='bbox 686 4118 732 4168; x_wconf 88' lang='lat' dir='ltr'><strong>das</strong></span> <span class='ocrx_word' id='word_1_335' title='bbox 755 4116 877 4184; x_wconf 83' lang='lat' dir='ltr'><strong>fulgenda</strong></span> <span class='ocrx_word' id='word_1_336' title='bbox 900 4115 953 4166; x_wconf 89' lang='lat' dir='ltr'><strong>bis:</strong></span> <span class='ocrx_word' id='word_1_337' title='bbox 982 4117 1040 4179; x_wconf 85' lang='lat' dir='ltr'><strong>Quo</strong></span> <span class='ocrx_word' id='word_1_338' title='bbox 1060 4117 1091 4169; x_wconf 79' lang='lat' dir='ltr'><strong>ot</strong></span> <span class='ocrx_word' id='word_1_339' title='bbox 1108 4131 1149 4168; x_wconf 81' lang='lat' dir='ltr'><strong>sm</strong></span> <span class='ocrx_word' id='word_1_340' title='bbox 1166 4112 1323 4183; x_wconf 49' lang='grc' dir='ltr'><strong>πῆξε,</strong></span> 
     </span>
     <span class='ocr_line' id='line_1_39' title="bbox 81 4195 1018 4272; baseline 0.012 -26"><span class='ocrx_word' id='word_1_341' title='bbox 81 4195 140 4246; x_wconf 92' lang='lat' dir='ltr'><strong>roth</strong></span> <span class='ocrx_word' id='word_1_342' title='bbox 159 4202 349 4266; x_wconf 69' lang='lat' dir='ltr'><strong>engastrichon.</strong></span> <span class='ocrx_word' id='word_1_343' title='bbox 423 4209 438 4254; x_wconf 84' lang='grc'><strong>6</strong></span> <span class='ocrx_word' id='word_1_344' title='bbox 458 4206 546 4256; x_wconf 87' lang='lat' dir='ltr'><strong>omnia</strong></span> <span class='ocrx_word' id='word_1_345' title='bbox 564 4222 603 4272; x_wconf 92' lang='lat' dir='ltr'><strong>pr.</strong></span> <span class='ocrx_word' id='word_1_346' title='bbox 623 4221 718 4258; x_wconf 90' lang='lat' dir='ltr'><strong>comm.</strong></span> <span class='ocrx_word' id='word_1_347' title='bbox 738 4207 798 4258; x_wconf 89' lang='lat' dir='ltr'><strong>roth</strong></span> <span class='ocrx_word' id='word_1_348' title='bbox 817 4204 1018 4264; x_wconf 78' lang='lat' dir='ltr'><strong>uatemtrichsn.</strong></span> 
     </span>
    </p>
   </div>
   <div class='ocr_carea' id='block_1_6' title="bbox 0 0 1414 4980">
    <p class='ocr_par' dir='ltr' id='par_1_7' title="bbox 0 0 1414 4980">
     <span class='ocr_line' id='line_1_40' title="bbox 0 0 1414 4980; baseline 0 0"><span class='ocrx_word' id='word_1_349' title='bbox 0 0 1414 4980; x_wconf 95' lang='lat' dir='ltr'><strong> </strong></span> 
     </span>
    </p>
   </div>
  </div>
 </body>
</html>
