2798 4980
641 527 751 597 clxi

184 619 309 674 Coblenn.
1061 617 1077 667 9
1094 614 1149 667 Jnli
1165 617 1225 668 itii.

429 690 612 767 L'rlnunde
638 688 878 765 blaximilian
904 683 965 763 Ι.1

199 823 271 888 Den
292 821 428 900 fursten,
450 820 628 888 besondere
649 820 712 886 den
729 817 956 885 erzbiechiifen
972 838 1036 884 von
1052 817 1164 899 Maian,
1182 817 1254 898 itin,

112 927 222 1008 Trier,
255 927 334 993 wird
361 926 421 993 der
449 925 560 992 befehl
588 925 739 1006 ertbeilt,
774 923 951 991 Reuchline
981 922 1070 989 buch
1099 944 1194 1009 gagen
1218 924 1255 989 dic

111 1032 272 1101 Kelner²
308 1031 434 1097 iiberali
461 1055 500 1097 nn
532 1028 733 1097 confisciren.
789 1029 904 1097 Geben
944 1052 986 1096 zu
1022 1028 1193 1096 Oobelente
1219 1050 1259 1097 on

111 1137 257 1205 nnndten
271 1144 326 1222 teg
340 1138 397 1203 dee
410 1144 537 1204 moneta
550 1136 645 1203 Julii:
663 1134 863 1203 iunfftzehen
880 1134 949 1202 und
960 1136 995 1201 in
1013 1134 1258 1222 dreyteebenden

200 1245 363 1321 Gedruclst,
379 1247 513 1306 denteeb:
540 1251 617 1306 1=
632 1244 830 1307 Plelierkorne
853 1246 1034 1322 sturmglock
1055 1246 1083 1305 A
1107 1242 1175 1321 3⁸b3
1199 1250 1261 1307 2:

111 1350 355 1429 beschyrninngb
372 1357 392 1413 4
407 1350 453 1428 fg;
470 1353 521 1413 lat.
538 1371 580 1409 τ.
595 1349 727 1412 defensio
742 1352 930 1427 Peperieorni
946 1369 975 1427 ι).
995 1354 1058 1415 103
1075 1346 1138 1428 ig.³

601 1501 609 1516 '
634 1536 761 1604 cnxu.

183 1623 368 1676 Oitenbeureu.
1047 1630 1059 1677 1
1081 1627 1150 1695 Aug.
1171 1628 1236 1678 iola

155 1712 394 1789 Leonardusi
420 1712 551 1789 Abbas
578 1712 896 1816 Ottinpurrhanus
924 1712 1116 1817 Oapnioni
1141 1741 1171 1790 s.
1197 1713 1229 1790 d.

201 1861 396 1927 Doctissime
423 1860 486 1942 vir,
515 1860 619 1926 freter
641 1861 720 1927 mibi
743 1862 777 1926 in
800 1861 939 1928 Domino
964 1861 1108 1930 dilectus
1131 1860 1265 1928 Nicolans

112 1964 320 2051 Ellenbogius
350 1966 551 2039 humanitate
587 1972 652 2031 tua
689 1966 811 2033 dudum
848 1973 963 2048 notus,
995 1967 1068 2034 dies
1107 1973 1265 2053 noctesque

111 2071 226 2150 instat,
249 2079 286 2137 nt
302 2070 441 2136 Bibliam
465 2071 527 2138 sibi
549 2093 701 2157 graecam
716 2075 871 2138 coemam.
917 2072 1001 2139 (lum
1024 2094 1104 2140 vero
1127 2073 1265 2141 meana

112 2175 259 2241 venalem
288 2175 411 2241 nullam
440 2176 633 2257 invenerim,
662 2176 780 2243 saltem
803 2175 926 2244 habere
950 2199 1039 2244 nunc
1060 2180 1154 2265 cupit
1175 2177 1268 2257 Genti·

113 2301 186 2345 cum
209 2280 300 2346 Cant
329 2281 360 2345 in
383 2280 495 2366 lingua
517 2304 631 2368 graeca
678 2282 783 2361 Quum
807 2304 884 2350 vero
908 2282 1026 2351 horum
1049 2284 1205 2352 librorum
1217 2282 1267 2349 tibi

112 2386 239 2470 copiam
270 2407 341 2452 esse
376 2407 439 2452 nou
474 2387 636 2469 dubitem,
669 2389 889 2473 maximopere
922 2387 1163 2457 humanitatem
1189 2396 1265 2455 tuen

113 2497 261 2575 rogatam
283 2489 402 2572 habeo,
431 2498 468 2558 nt
491 2492 663 2560 tabellario
688 2495 744 2579 qui
767 2494 865 2561 hasce
889 2494 1036 2562 reddidit
1057 2495 1123 2563 tibi
1146 2496 1265 2571 litterae,

114 2597 281 2664 Canticum
306 2596 398 2662 Cant.
427 2597 471 2663 ad
501 2619 553 2664 me
584 2599 814 2683 perferendum
838 2598 918 2666 dare
942 2599 1033 2667 velis.
1080 2601 1173 2669 Illicc
1194 2600 1264 2668 enin

115 2707 149 2768 et
171 2703 257 2769 omni
279 2701 468 2787 posthabita
489 2724 581 2770 mora
605 2704 818 2786 exscribatur,
843 2711 877 2771 et
900 2704 944 2772 ad
966 2706 1159 2790 terminum,
1183 2706 1209 2773 ei
1227 2706 1265 2772 ita

112 2807 211 2889 voles,
233 2830 293 2893 per
315 2814 348 2874 te
372 2807 539 2893 prefixum
563 2809 647 2876 liber
669 2810 713 2876 ad
735 2815 769 2876 te
792 2811 920 2895 integer
942 2817 977 2878 et
998 2812 1123 2881 illaesus
1150 2812 1263 2880 redibit

114 2914 255 2982 Subveni
283 2935 409 3001 quaeso,
442 2915 672 2982 humanissime
701 2917 763 2997 vir,
792 2914 916 2982 homini
947 2917 1137 2986 litterarum
1158 2917 1264 2986 studic-

114 3021 259 3101 sieeimo‚
294 3026 327 3086 et
361 3020 522 3087 tantillam
555 3043 679 3088 moram
711 3022 914 3108 peregrinari
947 3022 1070 3090 librum
1100 3030 1190 3092 tuum
1216 3044 1267 3089 non

112 3127 220 3210 magni
253 3127 368 3193 feceris
403 3146 520 3212 queso.
572 3126 645 3194 Non
680 3129 765 3194 enim
797 3128 912 3195 dubito
935 3130 1014 3215 quin
1038 3137 1139 3216 prout
1161 3152 1194 3199 es
1213 3127 1266 3197 olli

115 3231 321 3312 ciosissimus,
337 3237 429 3299 tanto
444 3237 590 3318 tempore
607 3234 706 3300 etiam
730 3234 853 3301 otiosus
868 3234 958 3319 apud
973 3240 1007 3302 te
1023 3236 1185 3307 resideret
1198 3237 1266 3322 ejoe

115 3336 204 3403 modi
226 3337 336 3403 codex.
383 3337 463 3404 Vale
487 3360 527 3404 ex
550 3340 753 3425 Ottinpurra.
777 3339 846 3406 Cal.
870 3339 988 3406 Sext⁶
1015 3346 1113 3409 1513.

204 3446 365 3506 Gedrncki:
378 3448 551 3510 schelhorn:
565 3453 748 3512 amoenitates
758 3451 887 3511 historiae
897 3451 1101 3514 ecelesiastica
1111 3454 1269 3516 etliterarie

114 3551 274 3614 Franklnrt
291 3556 386 3628 1738,
401 3572 430 3629 p.
448 3557 511 3616 596
529 3573 572 3630 eq.

689 3656 707 3695 *

189 3751 199 3794 1
222 3746 247 3796 Β.
258 3743 471 3809 diebemerlmng
484 3761 518 3795 au
536 3744 603 3796 oben
614 3761 669 3797 nro.
684 3745 760 3798 CLV.
799 3751 814 3796 2
835 3747 962 3799 Defensio
975 3755 1070 3801 contra
1083 3751 1271 3802 calumniatores

114 3833 287 3887 Coloniensee
305 3833 359 3898 vgl.
379 3833 509 3884 Reuehlin
529 3850 549 3884 n.
564 3839 614 3884 222
635 3835 662 3886 ff·
735 3839 749 3886 3
771 3836 821 3886 Die
834 3837 984 3904 eammlung
1002 3837 1029 3889 J.
1044 3856 1069 3890 v.
1082 3855 1105 3891 e.
1125 3839 1222 3891 enthllt
1238 3839 1271 3889 Aa

114 3924 156 3976 bie
174 3924 232 3975 aaa
251 3923 327 3973 einen
345 3920 527 3972 brieiwechscl
552 3922 684 3973 awischen
703 3925 806 3975 Mutian
824 3925 877 3976 und
898 3926 1043 3993 Pentinger
1064 3934 1094 3978 17
1108 3928 1161 3979 und
1175 3931 1207 3979 ib
1222 3925 1271 3978 deli

116 4015 193 4075 1513,
212 4011 257 4062 der
276 4029 297 4062 n.
318 4010 355 4061 th.
378 4011 443 4061 iiber
470 4009 520 4061 den
540 4011 752 4064 Reueblinechen
772 4015 848 4064 eireit
866 4014 983 4065 bandelt.
1018 4015 1069 4066 Am
1089 4019 1125 4066 28
1137 4016 1193 4067 dull
1217 4016 1271 4066 ibit

114 4101 202 4152 wurde
220 4102 305 4152 ferner
323 4099 369 4150 des
388 4099 688 4166 verdammnngsurtheil
708 4100 754 4153 der
773 4103 888 4153 lbwcner
900 4102 1012 4154 sacnlttit
1028 4103 1133 4171 gelant,
1151 4100 1271 4156 (lembuli

115 4187 158 4240 die
184 4191 230 4240 der
257 4189 367 4255 iibrigen
386 4188 588 4255 tlneologiscbeu
612 4191 754 4241 iacultttten
774 4190 866 4259 solgte.
904 4191 963 4259 Vgl.
983 4191 1113 4242 Reucblin
1138 4208 1159 4245 e.
1179 4195 1226 4243 2811
1242 4190 1272 4256 ig.

7 4334 10 4341 ¹
115 4275 657 4343 endunten'rtldug.1513nro.CLXX.
731 4279 924 4348 theobaudus]
940 4280 1105 4332 Widemann.
1179 4283 1273 4347 bsept

115 4365 268 4429 Sobeltnorn,
281 4365 328 4414 des
340 4365 383 4414 ich
397 4364 442 4416 des
455 4365 558 4416 dotums
571 4366 618 4417 der
630 4367 725 4417 beiden
741 4367 883 4432 folgenden
897 4368 979 4419 brieio
995 4384 1085 4442 wegen
1098 4370 1127 4420 in
1140 4372 1212 4426 Sext.
1224 4383 1273 4423 vet·

115 4454 208 4514 tadert
220 4453 296 4525 habe,
316 4467 419 4511 wotene
438 4471 465 4511 ee
478 4454 561 4516 leieht
574 4458 711 4517 eoteiehen
723 4457 830 4516 bonna.
