2798 4980
661 332 726 400 126

114 522 242 589 nomine
266 521 392 602 dicens,
420 519 508 607 quod
538 521 713 588 secundm
737 521 983 591 extimationem
1005 523 1040 589 in
1063 522 1243 591 anterioribus

114 625 218 694 literis
243 629 323 694 meis
358 633 544 693 contentam
576 626 655 692 velis
683 648 777 694 ame
799 627 901 695 libros
925 650 966 694 ex
990 635 1100 715 empto
1122 629 1244 714 recipere,

113 733 322 818 preciumque
337 731 469 798 tradere
484 733 518 796 in
532 733 670 817 pecunia
684 739 801 818 parata
815 754 875 817 per
890 734 1119 801 cancellariam
1133 741 1245 801 nostran

113 836 271 903 ducalem.
316 838 438 903 Iccircc
461 839 667 922 quantumvis
691 839 789 903 etiam
812 838 852 904 de
877 845 965 904 sorte
990 839 1136 924 perdam,
1157 845 1246 918 umen,

113 942 190 1028 quia
212 944 259 1009 sic
283 943 418 1010 evadam
441 942 573 1009 fraudes
597 942 742 1024 sociales,
765 942 890 1027 gaudeo
913 942 1106 1027 plurimum,
1136 964 1174 1011 ne
1193 941 1247 1008 mihi
1295 964 1299 1045 p

113 1048 258 1114 funditus
288 1048 489 1132 pereundum
512 1048 564 1113 eit.
610 1047 838 1132 Quapropter
861 1071 933 1116 cum
954 1050 1071 1116 nihil
1060 1073 1095 1116 ιιι
1116 1047 1299 1134 negocio¹
1296 1048 1299 1091 ¹

113 1161 170 1220 tuo
193 1152 278 1236 frugi
293 1152 402 1218 facere
417 1153 588 1237 possimus,
611 1153 673 1219 nisu
665 1152 777 1237 apud
799 1159 833 1218 te
856 1154 927 1234 sim,
949 1154 1037 1220 unde
1060 1161 1168 1223 custos
1191 1144 1299 1221 dixit}

114 1266 147 1324 te
170 1258 214 1323 ad
237 1279 287 1322 me
311 1257 421 1343 aliquo
444 1258 655 1338 diversurum,
677 1266 714 1323 ut
736 1279 801 1322 nna
822 1279 974 1324 essemus.
1017 1259 1112 1338 Quod
1127 1261 1199 1344 etip
1200 1278 1250 1324 sun
1296 1268 1299 1301 ³

114 1362 159 1427 nil
190 1362 351 1429 sufficeret
378 1368 513 1447 propter
542 1362 724 1428 absentiam
753 1362 909 1428 librorum
931 1384 1139 1447 graecorum,
1161 1362 1251 1450 quibus
1225 1372 1299 1459 nst

114 1467 206 1534 usuri
221 1489 341 1549 sumus,
366 1489 424 1552 ego
440 1467 623 1534 faventibus
647 1468 773 1551 superis
796 1468 839 1533 ad
861 1474 895 1533 te
917 1468 1010 1535 brevi
1029 1475 1181 1537 venturus
1194 1487 1252 1546 sum,

115 1573 240 1640 scilicet
269 1574 356 1639 intra
386 1579 425 1638 15
456 1572 536 1653 dies,
570 1573 700 1657 quando
729 1594 813 1638 nunc
843 1573 944 1640 feriae
972 1574 1169 1658 judiciorum
1191 1571 1253 1637 'in

115 1681 264 1760 stabunt,
303 1688 336 1744 et
365 1679 498 1744 dabitur
525 1679 664 1759 vacatio,
702 1685 740 1743 nt
768 1678 822 1742 vix
851 1679 1050 1746 commodius
1080 1700 1137 1746 sen
1169 1677 1254 1764 potius

116 1785 250 1852 liberius
274 1784 316 1850 ad
333 1791 366 1850 te
383 1791 452 1850 toto
468 1805 552 1849 anno
568 1784 693 1849 valeam
710 1783 873 1850 accedere.
904 1783 947 1849 Et
961 1803 1049 1850 nunc
1064 1784 1255 1862 accessissem,

115 1892 143 1956 si
165 1912 229 1958 non
253 1912 304 1956 me
321 1891 482 1956 detineret
496 1888 699 1974 aliquantula
714 1886 893 1972 aegritudo.
932 1887 1040 1973 caput
1055 1890 1166 1974 stillat
1188 1887 1256 1955 dolet

114 2004 239 2081 pectus,
263 1996 388 2061 cruciat
410 1995 520 2074 tussis,
543 2000 691 2059 movetur
713 1993 830 2058 humor
845 1993 1077 2078 dysentericus.
1123 1994 1184 2062 Sed
1196 1993 1256 2059 haec

116 2103 224 2168 omnia
263 2123 358 2185 spero
396 2100 585 2185 propediem
621 2117 804 2164 recessura.
855 2099 944 2165 Tunc
973 2101 1117 2182 veniam,
1146 2099 1257 2176 veniam,

118 2209 187 2273 Deo
203 2207 239 2272 0.
255 2206 297 2270 M.
313 2207 451 2271 volente.
475 2206 565 2270 Haec
581 2204 701 2288 raptim
716 2203 758 2268 ad
774 2209 806 2269 te
823 2203 947 2288 scripsi,
968 2226 1010 2270 ne
1031 2225 1121 2272 esses
1142 2203 1256 2271 nescius

115 2312 204 2378 Vale.
230 2312 280 2376 Ex
303 2311 492 2395 Stutgardia
515 2316 536 2374 4
558 2308 632 2374 idne
655 2308 809 2393 quintiles
831 2330 916 2374 anno
942 2314 1036 2376 1510.

168 2416 310 2484 Joannes
333 2416 489 2483 Reuchlin
512 2414 703 2481 Phorcensis
725 2413 788 2478 LL.
812 2413 882 2480 doc
907 2419 941 2480 et
963 2413 1101 2482 Sueviae
1122 2412 1256 2482 triumvir.

327 2525 473 2607 Expecta
495 2521 656 2604 hospitem
679 2541 743 2585 non
767 2518 906 2586 edacem

217 2633 319 2694 Baslcr
349 2631 603 2692 universitetsbibl.
634 2630 789 2690 handschr.
821 2629 847 2689 G
877 2631 906 2690 II
938 2633 997 2692 13⁸
1026 2649 1091 2691 nro.
1125 2633 1164 2692 62
1191 2631 1256 2689 aru

114 2739 216 2817 graph.

650 2915 761 2985 CXIX.

185 3027 284 3081 Padus.
1034 3019 1068 3072 25
1086 3017 1145 3074 uult
1165 3019 1231 3071 ¹510.

386 3131 567 3231 Georgius
594 3127 724 3205 Nuttcl
751 3153 801 3200 an
826 3123 1010 3200 Reuchlin
1087 3216 1090 3224 Ι

121 3296 223 3363 dunlrt
238 3297 292 3363 fiir
308 3298 417 3363 seinen
433 3295 525 3375 brief,
542 3293 638 3359 theilt
659 3292 728 3371 mit,
752 3290 828 3356 dass
844 3311 881 3356 er
895 3288 949 3354 bei
964 3289 1065 3355 Jaeon
1081 3284 1122 3352 de
1137 3277 1258 3370 Mayno³

120 3399 214 3485 eiirig
253 3403 377 3467 studire
412 3400 480 3466 und
519 3406 605 3465 trotz
639 3399 697 3464 der
730 3395 968 3480 kriegerischen
1008 3393 1157 3460 unruhen
1188 3390 1259 3458 scine

116 3506 246 3573 studien
268 3507 442 3572 fcrtsetzen
466 3506 557 3571 wolle
580 3503 648 3568 und
671 3503 779 3581 bittet,
803 3501 865 3566 den
889 3498 1063 3565 Sebastian
1078 3496 1211 3578 Welliug
1228 3506 1260 3556 m

115 3610 339 3690 uernulassen‚
375 3611 485 3676 seiuen
518 3610 598 3675 sohn
630 3608 685 3673 sur
718 3607 780 3672 den
812 3605 927 3669 winter
969 3601 1053 3668 nach
1086 3601 1201 3668 Italion
1230 3613 1262 3661 zu

117 3715 276 3784 sohickcn.
323 3718 373 3783 Ex
396 3717 494 3781 Pavia
519 3721 559 3780 25
584 3714 661 3794 Juli,
684 3733 768 3777 anno
795 3714 889 3775 1510.

204 3827 366 3887 Gedruckt:
394 3831 470 3885 1:
487 3824 518 3885 0.
534 3843 561 3885 v.
579 3841 604 3883 e.
623 3841 638 3883 e
655 3821 747 3894 θείη
773 3818 894 3882 2=J.
911 3833 938 3877 v.
960 3833 985 3876 e.
1007 3833 1027 3891 g
1049 3818 1083 3890 23
1108 3819 1126 3877 3
1148 3810 1264 3874 :du

115 3952 141 3995 v.
158 3935 187 3995 Π
202 3933 251 3996 fol.
270 3936 330 3995 39a
344 3931 384 4008 fg.

689 4068 707 4109 tl

188 4181 291 4248 Inep]
314 4182 363 4232 Die
382 4179 499 4247 ausgabe
527 4178 572 4230 dee
593 4179 780 4241 Hieronymus.
853 4167 977 4237 tjudic.]
1003 4169 1056 4219 Dee
1081 4164 1274 4219 schwdbisclreu

1 4271 3 4277 “
116 4266 336 4334 bundesgerichtn
359 4268 421 4318 oder
444 4268 489 4316 des
509 4266 667 4331 Stuttgarter
689 4259 860 4327 hosgerichte.
934 4255 1030 4322 svgl.
1054 4255 1100 4306 Jo.
1125 4253 1276 4306 Fichardus:

114 4353 182 4404 Vitae
200 4356 376 4406 recentiorum
398 4354 677 4405 dureconsultorum..
701 4349 805 4399 Patavii
826 4344 960 4398 MDLXV.
979 4343 1024 4394 fol.
1046 4343 1069 4392 D
1091 4345 1132 4394 ³⁸.
1155 4343 1214 4396 und
1237 4342 1279 4395 Sa·

116 4443 207 4510 rigny,
225 4442 316 4511 gesch.
339 4440 385 4490 dee
401 4447 464 4494 r'dm.
484 4442 571 4493 rechts
591 4443 618 4491 in
636 4455 686 4491 mu.
704 4438 760 4488 bes.
781 4435 824 4486 bd.
844 4433 889 4484 VI.
