2580 4178
134 281 274 347 stuttgart.
722 245 729 260 ·
977 288 1009 337 to
1030 286 1099 352 Sept.
1123 288 1198 337 1511.

62 388 230 462 Joannes
257 386 441 462 Reuchlin
468 388 542 461 LL.
574 387 703 462 doctor
729 387 889 464 Nicolao
918 388 1107 489 Ellenbog
1125 390 1162 466 S.
1193 391 1229 466 d.

152 550 304 630 Quamvis
335 550 471 617 obrutus
499 572 592 635 poene
629 552 848 635 magnitudine
880 553 1097 637 negotiorum,
1125 559 1235 620 tamen

63 657 261 723 amicissimo
278 655 337 721 tibi
350 676 412 720 non
428 656 623 738 respondere
640 679 702 722 non
718 658 819 742 potui.
851 657 943 724 Facit
958 659 1018 724 hoc
1033 659 1234 742 iugensamo-

9 843 13 846 ῃ
61 763 108 828 ris
141 780 221 844 erga
249 767 282 826 te
313 759 377 825 mei
410 780 506 843 rogus
538 784 601 846 quo
636 769 747 828 aestuo.
801 762 864 827 Sed
901 763 995 828 dabis
1030 764 1157 828 veniam
1183 783 1235 828 ca-

61 867 148 933 lamo
173 886 269 950 quem
291 865 324 929 iu
348 870 441 930 tanta
463 852 670 932 festinatione
695 867 873 950 elegantius
895 889 1013 951 parare
1037 889 1100 932 nou
1132 867 1232 952 potui.

62 971 114 1036 Ad
136 969 307 1035 hebraicas
330 968 441 1035 literas
466 971 715 1037 conscribendas
738 973 836 1037 minio
863 973 953 1038 carui
969 994 1032 1058 quo
1049 972 1232 1037 rubricatas

61 1075 123 1142 tibi
145 1075 259 1141 literas
274 1074 488 1154 ostenderem,
506 1076 680 1159 significavi
695 1089 810 1154 1111111
832 1090 927 1151 Τοῦτ’·
950 1077 1076 1142 duabus
1093 1075 1228 1161 virgulis

60 1179 241 1266 quemlibet
271 1180 492 1245 characterem
528 1203 623 1265 quem
651 1189 688 1246 111
720 1180 857 1264 posthac
892 1182 990 1246 minio
1022 1181 1129 1247 colore
1154 1182 1223 1247 sive

61 1305 171 1363 aureo,
194 1284 222 1348 si
244 1284 343 1364 voles,
367 1284 541 1350 describas.
588 1286 640 1350 Sic
663 1287 695 1349 in
717 1285 862 1367 margine
886 1292 996 1350 ternos
1020 1285 1228 1352 characteres

61 1389 252 1474 augelorum
283 1389 439 1474 siguicula
469 1391 535 1454 sive
575 1390 680 1472 sigilla
712 1391 773 1454 rite
806 1389 918 1454 addidi
953 1411 990 1455 eo
1021 1390 1133 1456 ordine
1164 1411 1227 1475 quo

60 1494 175 1579 reponi
200 1493 329 1559 debent.
374 1493 442 1558 Nec
466 1501 516 1559 est
530 1494 570 1558 de
595 1515 693 1559 causa
717 1494 932 1578 quarendum,
957 1495 1015 1560 sed
1038 1495 1228 1580 antiquitati

62 1599 270 1666 credendum.
316 1599 408 1677 Quod
439 1620 514 1664 vero
542 1600 665 1683 primus
695 1620 806 1664 versus
834 1598 942 1665 bibliae
972 1600 1003 1663 in
1039 1600 1229 1683 antepenul-

59 1706 137 1772 timo
162 1705 233 1771 loco
256 1705 420 1783 inseritur,
444 1724 506 1768 nou
534 1712 624 1769 caret
654 1706 816 1788 mysterio.
863 1706 1111 1789 appropinquat
1141 1705 1226 1770 euim

59 1827 191 1876 summae
216 1809 355 1874 trinitati
379 1815 412 1874 et
434 1808 546 1892 incipit
570 1811 744 1894 complere
768 1816 872 1875 totum
895 1811 1088 1894 psalterium
1108 1831 1231 1894 nosque

58 1916 90 1980 in
113 1915 302 1980 fruitionem
325 1914 481 1979 reducere
497 1917 553 1999 qui
575 1915 646 1979 finis
666 1915 863 1998 psalmorum
885 1923 943 1981 est.
984 1917 1030 1980 De
1051 1936 1114 2000 quo
1137 1915 1232 1999 plura

56 2019 196 2085 dicenda
219 2026 336 2097 essent,
360 2019 416 2084 sed
439 2020 471 2082 iu
494 2019 583 2084 aliud
606 2028 639 2084 et
670 2020 807 2085 otiosius
845 2027 973 2105 tempus
1004 2021 1231 2086 reservabitur.

55 2127 125 2191 Hoc
149 2147 249 2192 unum
273 2146 348 2189 vero
373 2130 409 2189 tu
424 2145 486 2188 non
503 2125 734 2208 consyderasti,
761 2126 852 2210 quod
870 2148 980 2191 omues
1005 2148 1117 2191 versus
1140 2126 1173 2190 iu
1197 2147 1232 2191 sc

57 2231 228 2296 continent
251 2251 365 2294 nomen
389 2235 686 2312 tetragrammaton,
711 2231 770 2296 hoc
795 2232 863 2296 solo
887 2231 1017 2317 dempto
1042 2232 1096 2315 qui
1119 2252 1178 2314 pro
1197 2280 1233 2296 ..

54 2337 158 2402 habet
188 2327 296 2401 uraha.

152 2440 363 2519 Quoddoles
392 2439 431 2504 de
461 2440 606 2505 vilissimi
634 2441 800 2504 homiuis¹
839 2446 953 2504 contra
982 2461 1033 2504 me
1057 2441 1227 2506 commisso

53 2548 200 2613 facinore
216 2568 275 2629 per
292 2545 435 2610 libellum
453 2545 609 2610 famosum
625 2547 792 2609 universae
810 2544 1004 2608 Germaniae
1021 2544 1222 2626 divulgatum

55 2653 140 2718 facis
164 2659 200 2715 tu
224 2650 353 2735 quidem
377 2673 436 2734 pro
455 2651 654 2715 humanitate
679 2659 736 2715 tua
760 2649 846 2733 quod
870 2649 1101 2713 amicissimum
1118 2649 1220 2714 dccet.

54 2757 120 2823 Sed
146 2757 230 2821 sicut
252 2755 357 2820 honor
382 2758 478 2837 juxta
504 2757 711 2820 Aristotelem
743 2763 793 2820 est
822 2756 854 2818 in
878 2755 1077 2833 honorante,
1107 2755 1156 2820 ita
1178 2754 1226 2818 iu·

54 2863 157 2928 lamia
181 2868 230 2926 est
254 2861 287 2924 in
310 2861 496 2926 infamante.
544 2863 673 2925 tiratias
690 2882 749 2944 ago
774 2862 842 2924 Deo
865 2868 976 2925 nostro
1000 2860 1088 2944 quod
1112 2859 1227 2944 diguus

54 2969 145 3032 visus
169 2967 230 3031 sim
253 2967 308 3050 qui
324 2988 382 3050 pro
400 2967 527 3031 nomine
545 2988 610 3044 suo,
635 2965 668 3028 id
685 2972 734 3030 est
750 2967 898 3044 veritate,
915 2965 1091 3047 opprobria
1113 2965 1233 3032 feram.

55 3075 301 3156 Persequuutur
325 3096 374 3137 me
399 3074 546 3156 maligni,
578 3073 740 3154 persecuti
771 3079 845 3136 sunt
875 3077 908 3136 et
932 3069 1096 3136 dominum
1121 3093 1230 3136 mcum

55 3199 155 3262 quem
193 3177 334 3259 priorem
374 3178 447 3242 odio
483 3179 674 3242 habueruut.
728 3176 831 3242 Crede
866 3176 963 3254 mihi,
998 3197 1115 3260 magna
1151 3176 1229 3241 mihi

54 3283 172 3347 latitia
202 3288 268 3358 est,
300 3283 386 3367 quod
418 3284 614 3348 maledicant
638 3284 714 3346 mihi
739 3282 883 3347 homines
914 3288 947 3346 et
976 3282 1085 3346 dicant
1109 3282 1229 3347 malum

54 3388 232 3453 adversum
261 3410 311 3452 me
342 3391 550 3466 mentientes,
582 3388 627 3451 sic
652 3389 735 3452 enim
759 3389 921 3471 persecuti
945 3394 1021 3452 suut
1043 3387 1232 3471 prophetas·

55 3492 152 3572 Quod
180 3501 289 3557 autern
320 3496 517 3559 mentiantur
553 3494 767 3576 apertissimis
807 3494 998 3571 mendaciis,
1029 3501 1079 3556 est
1120 3491 1230 3556 videre

53 3601 87 3663 in
112 3597 263 3681 apologia
286 3599 387 3663 mea²
411 3621 508 3682 quam
533 3621 604 3663 cum
628 3600 854 3681 praesentibus
879 3599 938 3663 tibi
966 3600 1059 3662 mitto
1093 3618 1133 3661 ex
1166 3616 1231 3679 qua

54 3726 165 3768 sumes
196 3712 422 3787 argumentum
451 3704 643 3768 defendendi
677 3705 749 3768 mei.
802 3705 961 3769 Libellum
994 3701 1232 3767 diffamatorum

53 3812 188 3876 mittere
214 3828 337 3893 nequeo
355 3832 450 3894 quem
475 3810 579 3874 solum
604 3817 637 3874 et
653 3811 782 3874 unicum
806 3810 919 3887 habac,
945 3831 1039 3893 spero
1065 3814 1173 3873 tamen
1198 3815 1230 3874 te

54 3925 155 3982 autea
179 3914 341 3980 habuisse.
389 3916 568 3999 Epistolam
591 3938 696 3981 meam
719 3915 818 3979 nobili
842 3913 969 3978 cuidam
993 3914 1148 3998 scriptam
1164 3936 1228 3981 nou

641 4045 658 4082 ac
