2798 4980
684 357 747 426 361

120 548 181 616 bus
202 550 269 616 suis
286 546 482 633 Stutgardira
503 570 572 615 esse
596 548 890 634 impeditissimum
915 553 1104 635 expectares
1119 549 1284 617 modicum

68 666 72 674 '
120 656 285 740 temporis,
309 676 344 721 se
368 655 496 721 omnino
520 656 579 722 tibi
603 677 722 722 morem
741 678 853 742 gerere
875 661 909 722 ct
928 656 961 722 in
982 655 1131 722 omnibus
1151 676 1283 741 operam

120 781 240 826 navare
269 760 350 826 velle
379 760 557 826 affirmavit.
603 762 670 846 Ego
699 762 841 829 nondum
868 768 976 828 tamen
1001 760 1197 845 Stutgardiae
1226 761 1283 843 lui,

122 865 178 931 sed
208 886 279 931 sum
307 867 339 930 in
369 865 458 930 brevi
488 866 594 932 iturus
622 873 655 932 et
683 890 755 934 cum
778 888 817 934 eo
842 869 949 933 omnia
972 867 1086 933 melius
1110 873 1282 947 trasturas,

121 970 247 1056 tibique
277 992 386 1036 verum
416 973 564 1037 nuntium
588 974 791 1040 remissurus.
840 975 959 1039 Verum
983 973 1136 1057 quonlam
1158 993 1217 1056 ego
1240 970 1281 1037 ad

121 1076 376 1161 recuperandum
401 1079 546 1161 corporis
570 1081 633 1143 mei
655 1079 756 1144 ferme
779 1077 950 1166 deperdita
970 1077 1117 1143 membra
1138 1099 1212 1142 cum
1227 1076 1300 1143 do..

121 1184 207 1248 mino
230 1204 302 1248 meo
325 1183 564 1266 Hirsaugiensis
589 1207 659 1255 sum
684 1187 771 1253 circa
801 1185 870 1250 dics
894 1184 924 1251 S.
949 1184 1034 1248 Galli
1062 1183 1103 1248 ad
1127 1182 1283 1248 Thermas

121 1289 194 1354 illas
225 1288 346 1353 ferinas
372 1291 392 1366 ¹,
417 1290 444 1354 si
474 1289 569 1372 vulgo
599 1290 680 1355 benc
711 1291 841 1376 loquar,
869 1312 940 1356 sum
971 1291 1085 1354 iturus.
1132 1287 1282 1354 Nondum

121 1395 197 1460 scio¹
212 1401 246 1458 et
269 1392 349 1458 bene
376 1402 470 1459 etex
494 1396 619 1478 integro
643 1402 766 1461 certum
790 1396 911 1474 Iacere,
943 1396 970 1460 si
1002 1396 1061 1459 sim
1093 1393 1135 1458 ad
1166 1393 1282 1459 vallem

121 1499 246 1584 Engadi
274 1500 286 1537 ²
321 1499 502 1578 rediturus,
536 1522 598 1566 non
631 1509 739 1567 tamen
774 1502 946 1567 obliviscar
977 1502 1102 1565 interea
1126 1499 1284 1583 principii

122 1605 207 1691 quod
237 1605 296 1671 tibi
324 1607 458 1690 promisi
489 1608 520 1671 iu
554 1606 661 1672 divum
685 1608 940 1690 Hieronymum.
970 1607 1097 1670 Etenim
1121 1612 1155 1669 et
1177 1605 1283 1688 ipsum

122 1711 338 1776 demonstrari
369 1711 486 1776 Joanni
515 1712 676 1796 Capnion,
709 1715 760 1778 cui
792 1712 930 1798 placuit,
960 1712 1129 1795 ipsumque
1164 1710 1282 1794 rogavi,

120 1822 158 1882 ut
185 1836 243 1881 suo
272 1816 367 1882 docto
397 1818 524 1882 nomine
548 1839 646 1884 unum
671 1820 858 1904 proaemium
889 1815 1097 1900 confingeret,
1128 1817 1185 1901 qui
1216 1836 1283 1881 res·

122 1922 236 2006 pordit
266 1921 358 2003 mibi,
386 1922 464 1987 mihi
492 1922 504 1960 ³
531 1925 611 1989 satis
646 1942 808 2010 superque
841 1922 1076 1988 satisfuturum.
1123 1920 1283 2005 Experiar

121 2034 229 2092 tamen
254 2028 332 2112 quid
355 2030 397 2093 sit
420 2028 566 2094 lecturus
595 2028 718 2115 tibique
747 2027 897 2109 scribam,
922 2049 986 2113 quo
1009 2035 1155 2110 tempore
1178 2024 1281 2091 tabel-

120 2131 238 2199 larium
261 2135 452 2218 repperiam.
503 2135 506 2142 '
965 2158 967 2163 ’

208 2239 246 2303 In
278 2240 383 2327 veinem
416 2245 567 2324 sptiter'eu
603 2241 705 2307 bricia
738 2241 872 2323 (Hirsau
906 2244 945 2304 13
980 2237 1043 2304 kal.
1077 2237 1148 2304 Oct.
1183 2241 1280 2318 1509)

118 2344 242 2410 kemmt
258 2345 449 2411 Leontorius
472 2346 638 2413 nochmals
661 2347 719 2412 aul
740 2347 791 2412 die
815 2343 1061 2431 augclcgenheit
1077 2336 1198 2409 iuriick
1215 2344 1283 2411 und

117 2449 253 2529 meldet‚
286 2450 362 2515 dass
391 2473 427 2516 er
456 2473 516 2516 von
542 2453 696 2518 Reuchlin
728 2453 809 2518 noch
839 2451 932 2516 keine
963 2455 1102 2516 antwort
1134 2448 1281 2515 erhalten

117 2554 208 2621 habe.
255 2544 345 2622 [lber
376 2556 520 2623 dieselbe
554 2559 650 2623 sache
684 2558 818 2623 handelt
853 2557 935 2622 auch
970 2557 1021 2621 die
1053 2554 1136 2620 oben
1170 2556 1282 2639 mitge-

117 2661 230 2726 theilte
253 2662 511 2746 correspondcnz
535 2663 690 2728 zwlschen
714 2661 870 2730 Reuchliu
894 2662 961 2727 und
986 2659 1167 2727 Amerbach
1197 2665 1280 2747 (uro.

118 2766 228 2845 CXIV,
253 2767 396 2846 CXVIII,
420 2768 554 2835 CXXIII
577 2767 632 2855 h).

205 2879 277 2937 Zus.
291 2881 330 2937 43
346 2896 372 2937 a.
384 2882 413 2937 2.
432 2868 511 2938 llber
526 2879 623 2953 Lupus
632 2897 686 2938 von
696 2879 933 2954 Hermannsgrhn
942 2885 1024 2954 trage
1032 2879 1078 2938 ich
1087 2879 1173 2938 nacb:
1190 2878 1279 2939 Eras-

115 3001 177 3041 mus
193 2983 282 3042 Stella
297 2985 421 3043 schreibt
433 3000 469 3042 an
482 2983 622 3058 spalatin,
637 2984 703 3043 dass
713 2985 742 3044 S.
754 2985 800 3044 ein
812 2987 958 3059 exemplar
972 2985 1022 3044 des
1032 2984 1229 3044 Radevicusiu
1238 2987 1279 3044 ei-

115 3105 177 3146 nem
188 3089 298 3148 kloster
308 3091 379 3148 oder
391 3089 438 3148 bei
447 3090 613 3164 Laupoldus
623 3091 881 3165 exHermansgrbn
889 3107 976 3164 eques
985 3096 1103 3149 auratus
1111 3089 1281 3149 bekommeu

114 3195 210 3252 kbnne
225 3195 299 3268 prid.
321 3195 360 3254 id.
383 3211 447 3255 nov.
469 3199 561 3255 1518.
594 3197 692 3270 Basel‚
718 3196 766 3254 bff.
783 3195 853 3255 bibl.
872 3197 986 3256 hdschr.
1005 3196 1039 3254 G.
1055 3197 1079 3269 Ι,
1097 3198 1136 3254 31
1160 3195 1210 3256 Iol.
1227 3199 1278 3254 21.

203 3301 245 3357 Zu
267 3316 289 3359 s.
314 3303 387 3359 257.
434 3301 482 3359 Ich
506 3300 579 3361 habe
600 3319 658 3359 uun
683 3304 712 3360 in
736 3303 777 3361 St.
801 3301 904 3361 Gallen
928 3301 1089 3375 (stittsbibl.
1115 3299 1175 3358 BB.
1201 3297 1279 3374 264)

114 3406 159 3463 die
176 3403 277 3464 schrift
292 3406 449 3480 pelunden,
475 3424 529 3466 von
545 3408 646 3467 derll.
666 3407 773 3467 Crocus
789 3409 911 3482 spricht:

202 3510 406 3570 THEODORI
436 3513 518 3572 VlRl
547 3505 551 3592 Ι
579 3513 847 3586 VNDECVNQVE
873 3511 878 3595 Ι
908 3513 1133 3574 DOCTISSIMI
1159 3511 1173 3592 Ι
1190 3513 1279 3574 Liber

114 3623 236 3689 quartus
259 3623 288 3676 et
310 3618 424 3676 vltImus
446 3619 482 3677 de
502 3621 714 3679 constructione
736 3623 740 3691 Ι
760 3621 794 3679 R.
813 3620 904 3680 Croco
924 3621 1062 3680 Britanno
1079 3617 1276 3704 Interpretal

201 3723 256 3783 Die
282 3741 373 3798 ganza
400 3725 501 3798 hbrige
523 3727 594 3783 scite
621 3743 675 3785 von
704 3727 796 3785 elncm
823 3742 942 3800 grossen
968 3726 1156 3785 holzscbnitte
1179 3726 1276 3799 einge-

111 3846 254 3901 nommen,
271 3845 399 3903 wappen‚
418 3830 556 3888 darunter
572 3831 618 3888 die
633 3830 773 3905 heiligen:
790 3831 905 3903 Merita,
924 3830 1060 3904 stephan,
1077 3831 1196 3890 Martia.

124 3972 136 4001 ‹
203 3952 221 3993 a
240 3928 276 3992 lb
291 3935 457 4009 Epigramm
473 3934 523 3993 des
540 3936 574 3994 R.
592 3934 623 3994 C.
641 3935 854 3995 Laudeniensis
872 3946 910 3995 ab
925 3935 1064 3994 erzbisch.
1081 3935 1146 3994 Alb.

202 4045 265 4100 lu.
285 4044 325 4100 35
342 4040 403 4100 loll.
421 4041 469 4100 bll.
486 4043 516 4100 iu
535 4037 578 4100 4⁰.

199 4148 234 4204 A.
252 4147 287 4206 E.
305 4147 490 4220 Privilegium
507 4163 597 4221 gagen
610 4146 838 4207 naehdruckaul
849 4152 868 4208 4
881 4147 981 4221 jahrs;
999 4146 1150 4206 darunter:
1167 4146 1277 4222 Lipsiae

111 4254 141 4309 in
156 4251 265 4310 aedtbus
281 4252 427 4309 Valentini
448 4255 452 4322 1
475 4253 636 4311 Schamaun
652 4253 737 4312 Anno
753 4253 912 4314 M.D.XVI.

690 4386 707 4425 a

180 4471 344 4526 lWildbsd.
412 4473 603 4542 lllngeuthsl.
663 4462 681 4526 13
701 4474 751 4526 Die
773 4474 940 4528 handschrift
957 4474 1004 4528 hat
1022 4473 1161 4530 reblathae
1179 4491 1273 4529 meum.
