2798 4980
663 357 706 426 85

584 546 787 619 LXXXVIII.

172 634 244 686 nrm.
1009 646 1039 696 1e
1059 644 1134 712 spru
1156 650 1234 702 reor.

98 721 142 799 F.
171 724 301 798 Petrus
336 723 442 801 Siber
473 729 496 824 ¹,
532 727 777 802 Provincialis
809 730 947 805 ordinis
978 733 1269 816 Praedicaterum

154 842 216 919 Jo.
237 845 421 922 Reuchlin
439 849 515 924 LL.
536 851 627 925 Doc.
648 852 768 926 amico
788 850 1002 929 charissimo
1022 855 1059 933 S.
1080 857 1125 931 D.
1145 852 1217 932 P.²

189 977 327 1062 Egregie
359 979 486 1046 domine
522 980 637 1048 doctor
665 982 768 1050 amice
798 983 995 1052 charissime.
1048 988 1162 1054 Habeo
1191 993 1269 1053 tuae

96 1084 294 1150 reverentiae
326 1084 474 1168 ingentes
498 1089 620 1171 gratias
643 1111 702 1173 pro
727 1088 894 1173 diligentia
917 1112 956 1156 ac
978 1091 1091 1160 labore
1113 1093 1148 1158 in
1171 1113 1271 1159 causa

95 1194 225 1254 nostra.
274 1191 416 1258 Remitto
446 1191 585 1259 latorem
615 1195 823 1279 praesentium
854 1195 888 1261 F.
915 1195 1052 1263 Paulum
1074 1199 1130 1284 qui
1157 1219 1270 1264 rursus

97 1293 238 1360 consilio
269 1300 302 1361 et
334 1298 454 1362 auxilio
485 1305 542 1364 tuo
572 1300 738 1383 indigebit.
788 1301 856 1367 Nos
884 1300 918 1365 in
951 1302 1135 1389 hujusmodi
1162 1303 1270 1370 causis

99 1400 285 1484 practicam
315 1423 378 1468 non
410 1403 578 1489 habemus.
623 1406 747 1471 Invitus
777 1405 946 1487 contendo,
978 1408 1036 1474 sed
1064 1430 1169 1493 neque
1197 1429 1271 1475 con-

95 1505 263 1572 fusionem
285 1508 470 1592 provinciae
494 1531 533 1576 ac
549 1510 680 1577 Ordinis
695 1510 835 1577 libenter
858 1511 1009 1592 viderem,
1032 1535 1162 1598 possem
1192 1533 1271 1579 vero

99 1612 225 1696 optime
255 1615 325 1696 pati
355 1636 427 1679 cum
454 1637 535 1701 pace
560 1622 593 1684 et
608 1617 729 1683 honore
745 1616 852 1683 omnia
866 1617 1041 1683 terminata
1058 1640 1137 1684 esse.
1175 1616 1269 1697 Quod

98 1723 161 1783 tuo
185 1718 319 1784 consilio
344 1725 442 1805 atque
466 1743 567 1807 opera
582 1744 677 1807 spero
694 1723 822 1789 omnino
837 1744 933 1807 posse
948 1721 1028 1789 fieri.
1058 1723 1174 1790 Frater
1189 1725 1271 1790 Pau-

98 1821 153 1889 lus
175 1823 273 1908 plura
288 1824 382 1906 dicet,
406 1827 459 1892 cui
472 1827 570 1894 fidem
585 1828 731 1895 habebis.
776 1829 844 1912 Ego
860 1828 966 1894 adhuc
981 1826 1127 1895 febribus
1142 1829 1270 1912 fatigor.

100 1928 152 1995 'l'u
175 1951 252 1995 vero
276 1930 347 1997 vale
370 1953 467 2016 quam
489 1935 618 2018 optime.
663 1935 713 2000 Ex
728 1934 825 2002 Ulma
843 1939 883 2000 16
899 1933 1064 2000 Kalendas
1079 1934 1159 2000 Maii
1176 1938 1271 2000 1504.
1348 1966 1351 1969 ’

193 2038 357 2102 Gedrnckt:
376 2063 418 2096 =
433 2043 462 2103 J.
479 2061 506 2105 r.
524 2061 550 2105 0.
566 2039 613 2118 pb.
924 2036 928 2042 ’

604 2217 777 2284 LXXXIX.
1247 2273 1251 2277 ⁴

177 2303 327 2357 Frsnlrfurt.
1013 2311 1043 2358 17
1064 2305 1139 2374 April
1161 2307 1237 2358 1504.

105 2390 148 2467 F.
169 2392 378 2493 Wigandus
405 2408 429 2490 ³,
446 2370 672 2494 'Theologiae
697 2394 895 2496 professor,
925 2394 1063 2472 ordinis
1086 2396 1273 2507 Praedica-

490 2529 611 2592 torum
631 2544 680 2592 an
698 2518 899 2618 Reuchlin3

108 2643 212 2712 dankt
244 2645 310 2712 ihm
345 2648 378 2713 in
413 2649 535 2714 scinem
566 2649 633 2716 und
667 2649 724 2715 des
759 2650 876 2716 ordene
906 2671 1023 2752 namen
1048 2649 1101 2716 tur
1124 2648 1177 2717 die
1207 2649 1276 2716 auf-

108 2751 265 2836 opfernde
287 2753 461 2839 thiitigkeit
482 2754 549 2821 und
572 2755 669 2822 bittet
692 2757 829 2823 anchin
852 2756 941 2822 einer
965 2777 1071 2822 neuen
1086 2755 1276 2839 angelegen·

183 2959 193 3005 1
217 2957 253 3007 Zu
274 2955 323 3007 den
342 2958 464 3009 schlilern
490 2958 535 3009 000
555 2959 648 3009 Petrus
667 2893 743 3009 silaei
764 2957 858 3024 gehbrt
880 2953 984 3007 conred
1003 2955 1092 3006 Collin
1115 2953 1171 3006 000
1195 2953 1276 3007 Niko-

109 3043 168 3096 laus
188 3045 330 3113 Ellenbog.
366 3047 501 3098 Letaterer
519 3047 637 3098 schreibt
655 3048 723 3098 nach
744 3048 834 3097 Petere
857 3047 923 3096 1508
949 3044 1086 3111 erfolgtem
1105 3045 1177 3095 tode:
1203 3043 1277 3109 Mag·

109 3150 171 3184 nam
194 3135 326 3200 jucturam
349 3152 419 3186 mors
444 3135 521 3202 hujus
540 3135 687 3186 doctissimi
714 3136 765 3185 riri
792 3134 879 3185 ordini
904 3139 992 3184 vestro
1019 3132 1167 3184 indubitato
1192 3122 1276 3199 periet

109 3222 177 3273 Novi
198 3239 247 3290 030
267 3223 398 3274 hominem
422 3225 533 3276 et'dum
552 3223 738 3289 Heidelbergae
762 3222 912 3273 trivialibus
934 3222 1084 3271 insisterem
1107 3220 1277 3301 1110010100-

110 3313 234 3378 0000000
254 3313 426 3381 concionibus
453 3313 508 3377 ejus
529 3313 643 3363 interfui.
681 3311 783 3362 Habuit
801 3313 841 3361 vir
864 3310 911 3360 ille
933 3309 1096 3376 singularem
1118 3310 1231 3378 gretiam
1250 3316 1278 3357 ut

111 3415 191 3468 supra
205 3399 232 3449 id
252 3400 320 3466 quod
340 3407 394 3452 erat
414 3417 479 3452 rarae
499 3401 625 3451 doctrina
643 3400 732 3450 facilis
751 3415 853 3464 quoque
867 3404 937 3450 esset
950 3404 975 3448 ct
989 3397 1122 3463 jucundus
1139 3396 1279 3464 loquendo,

110 3489 149 3539 ita
173 3495 204 3539 ut
231 3504 289 3539 eum
316 3488 408 3539 cudir'e
430 3489 536 3540 tederet
558 3488 698 3539 neminem.
736 3489 802 3538 Tam
826 3493 951 3554 praeterea
977 3487 1073 3536 efficax
1098 3485 1279 3553 persuadendo

112 3593 189 3644 quem
209 3576 280 3628 alius
299 3592 389 3639 nemo,
417 3578 454 3628 ita
473 3584 502 3628 ut
521 3577 600 3628 facile
621 3593 672 3642 quo
698 3575 779 3626 vellet
797 3575 930 3626 audientis
950 3575 1063 3624 animum
1083 3574 1228 3641 impellere.
1247 3589 1279 3622 en

111 3666 141 3718 P.
161 3668 237 3716 Prior
262 3667 290 3716 in
309 3665 370 3716 Uim
400 3669 432 3715 14
456 3664 510 3716 hel.
534 3681 596 3716 nov.
619 3667 687 3716 1508
712 3664 760 3716 115.
780 3667 793 3716 Ι
811 3680 851 3730 ep.
874 3667 906 3714 50
931 3663 976 3714 fol.
1000 3667 1033 3712 47
1056 3662 1279 3728 (Ellenbogsches

111 3744 259 3806 bricfmscr.
279 3770 299 3805 0.
319 3755 365 3820 0.).
440 3759 454 3804 0
475 3754 569 3805 Dieser
591 3752 645 3804 000
671 3754 714 3804 010
737 3769 794 3804 nro.
819 3753 982 3804 LXXXXIX
1001 3750 1056 3800 000
1079 3755 1109 3802 91
1138 3748 1279 3815 folgenden

111 3843 195 3895 briefe
215 3842 275 3893 sind
294 3859 344 3893 nur
367 3842 393 3892 10
418 3841 468 3894 000
489 3843 553 3909 Epp.
573 3842 612 3892 ill.
632 3842 680 3892 vir.
700 3841 874 3907 abgedruckt,
893 3839 998 3891 obwohl
1018 3841 1057 3889 rie
1077 3837 1122 3888 der
1140 3839 1192 3888 neit
1210 3837 1281 3886 ihrer

112 3931 261 3998 051000οη3
278 3931 349 3981 nach
368 3946 436 3997 gans
456 3930 525 3981 wohl
544 3931 627 3982 sehon
647 3933 683 3980 im
696 3937 783 3982 ersten
795 3929 865 3982 buch
878 3929 968 3979 htttten
981 3927 1051 3995 pieta
1064 3927 1154 3977 finden
1166 3925 1280 3976 100000.

114 4020 158 4085 Sic
176 4021 271 4072 stehen
291 4020 381 4070 direlct
400 4035 448 4071 vor
472 4018 529 4068 dem
554 4019 738 4071 bricfwechsel
763 4017 908 4069 Rcuchlins
931 4018 980 4066 mit
1003 4014 1053 4064 000
1076 4013 1178 4064 Kblner
1201 4012 1281 4066 domi·

113 4111 242 4161 nikanern
265 4109 319 4158 und
343 4107 386 4158 ich
406 4106 504 4174 310050
522 4108 597 4158 nicht
615 4123 646 4157 zu
673 4109 755 4171 1000,
780 4121 856 4156 werin
878 4102 921 4153 105
945 4102 1087 4167 50500010,
1113 4101 1174 4153 dass
1198 4099 1280 4151 durch

114 4199 184 4250 01000
204 4196 476 4261 0000000001011003
495 4195 537 4245 010
562 4194 777 4246 undenhbarlreit
804 4194 849 4244 der
866 4192 967 4243 Kolner
989 4190 1064 4240 recht
1087 4189 1154 4256 grell
1178 4189 1283 4256 gezeigt

114 4287 216 4339 werden
237 4285 331 4348 sollte,
358 4283 401 4334 010
419 4288 505 4334 auersi
524 4284 559 4333 im
579 4283 650 4334 denir
669 4286 712 4335 fiir
730 4286 774 4335 Rs.
791 4280 977 4346 bemiihungen
996 4279 1075 4328 haum
1095 4267 1282 4343 0001030003

113 4375 197 4426 finden
216 4376 327 4426 konnen
345 4373 402 4424 und
420 4378 508 4440 sptter
526 4373 572 4422 ihu
589 4386 619 4422 00
632 4370 876 4440 50013001010000.
933 4370 948 4419 8
967 4352 1041 4423 11501·
1053 4367 1095 4418 W.
1108 4362 1281 4440 03111050το

115 4464 204 4539 script.
223 4463 312 4521 ordin.
330 4461 534 4522 Praedicstcrum
553 4462 589 4533 ΙΙ,
611 4463 651 4520 tt.
