2798 4980
669 340 734 408 285

118 526 239 597 audent
261 528 412 597 ementiri
433 529 543 598 nescio
578 547 643 618 qno
672 553 725 597 me
755 533 846 618 pasci
875 529 1054 599 aJudaeis
1077 552 1173 614 auro,
1209 529 1297 619 quod

115 640 243 703 butum
266 635 363 703 abest
389 656 411 701 a
433 637 573 705 veritate
600 643 757 722 quantum
787 637 964 704 mendaces
987 637 1052 722 ipsi
1074 660 1095 705 a
1116 636 1293 722 probitate.

204 741 270 809 Sed
293 747 429 827 expecto
453 743 618 810 dominum
641 750 675 809 et
699 742 838 809 viriliter
861 763 930 828 ago,
955 742 1007 809 hic
1033 743 1203 828 disperdet
1224 743 1294 811 nni-

113 868 211 915 versa
232 847 322 914 labia
345 847 467 914 dolosa.
507 848 578 915 Hoc
601 849 776 934 aspirante,
800 848 862 915 hoc
886 848 1031 930 docente,
1054 850 1180 934 linguas
1203 847 1293 917 disco

113 953 216 1021 etiam
237 974 338 1020 senex
359 953 458 1038 idque
474 954 622 1039 cupidius
646 975 684 1020 eo
708 953 795 1039 quod
820 953 911 1020 nulla
926 976 1060 1038 prorsus
1074 955 1195 1039 ingenii
1218 959 1294 1024 suut

118 1058 255 1125 bnm'ani
277 1060 388 1126 munia
417 1060 671 1144 interpretandae
694 1048 922 1126 sacrosanc'tea
944 1060 1008 1144 legi
1026 1067 1094 1126 tam
1110 1061 1295 1129 necessaria

116 1185 220 1250 quam
243 1172 294 1232 est
315 1165 501 1250 linguarum
523 1167 649 1250 peritia.
706 1165 829 1244 Quodsi
866 1166 955 1247 libet,
984 1167 1164 1252 pericnlum
1192 1166 1293 1234 facito

118 1270 327 1356 scriptorum,
351 1271 512 1353 ecclesiae,
537 1273 663 1337 visurus
686 1271 765 1356 quid
789 1273 874 1338 inter
897 1273 1021 1356 peritos
1045 1273 1230 1359 linguarum
1251 1293 1291 1339 ao

117 1382 273 1462 expertes
296 1378 492 1463 interpretes
521 1378 659 1444 intersit.
709 1378 752 1443 Et
772 1377 901 1462 quidem
926 1369 1167 1454 hadrianeas.
1212 1377 1293 1444 Mihi

117 1489 233 1551 antem
259 1483 294 1548 in
316 1483 424 1549 animo
445 1505 508 1549 nou
533 1485 639 1550 estin
670 1484 844 1566 praesentia
875 1505 948 1550 cum
971 1504 1135 1568 quoquam
1159 1483 1292 1570 digladi-

115 1587 183 1669 ari,
207 1587 331 1674 alioqui
361 1595 395 1655 et
416 1588 668 1655 reclamantibus
693 1595 851 1673 quantum
884 1589 1030 1654 oratione
1054 1595 1195 1672 pottem‚
1233 1610 1292 1657 ora

114 1682 336 1761 retunderem.
390 1694 456 1760 Neo
484 1695 570 1762 enim
599 1694 683 1759 levia
710 1701 786 1759 sunt
812 1715 885 1778 quae
915 1694 1130 1778 grammatica
1152 1694 1292 1780 cognitio

113 1798 270 1885 pasturit.
325 1800 360 1865 Is
398 1806 450 1865 est
486 1800 582 1885 plane
619 1820 716 1865 rerus
747 1805 780 1865 et
807 1820 979 1883 germanus
1020 1799 1192 1883 scripturas
1221 1820 1293 1865 sen·

115 1926 186 1987 sus,
220 1918 318 1990 quem
348 1907 459 1972 nativa
496 1904 585 1973 verbi
618 1906 773 1990 cujusque
795 1906 979 1989 proprietas
1019 1904 1177 1995 expedita
1208 1902 1293 1971 solet

114 2011 261 2097 aperire,
288 2016 326 2076 nt
349 2012 541 2095 preteream
573 2009 702 2075 interim
727 2015 888 2094 quantum
908 2009 1013 2094 possis
1039 2009 1151 2075 venari
1173 2016 1291 2095 myste-

115 2116 241 2183 riorum
264 2137 327 2182 non
351 2137 369 2182 e
392 2113 498 2180 verbis
514 2115 610 2180 modo
628 2115 685 2181 sed
700 2115 849 2199 apicibus
864 2137 947 2201 pene
966 2113 1109 2200 singulis,
1133 2115 1160 2180 si
1174 2114 1290 2199 spiritu

114 2221 274 2306 magistro
304 2221 463 2288 adoriare.
509 2219 547 2284 Id
577 2220 629 2286 vel
661 2221 800 2285 maxime
833 2242 945 2286 verum
979 2226 1029 2287 est
1054 2219 1095 2286 de
1119 2219 1290 2304 seripturis

117 2327 283 2395 hebraicis
311 2326 429 2413 quibus
444 2326 552 2410 prope?
568 2326 648 2391 nihil
670 2332 720 2391 est
735 2326 891 2392 traditum
916 2326 1004 2412 quod
1027 2347 1090 2392 non
1106 2323 1288 2395 umbraculi

114 2435 185 2500 rice
209 2433 351 2518 spiritali
373 2430 855 2516 commendeturintelligentiae.
880 2432 1049 2498 Diviniora
1073 2433 1157 2497 enim
1180 2453 1244 2498 non
1260 2452 1288 2499 e.

114 2539 201 2606 rubo
216 2560 276 2625 per
289 2540 452 2623 angelum,
477 2538 534 2604 sed
558 2560 599 2603 ex
613 2539 741 2604 homine
764 2560 824 2621 per
848 2538 943 2604 deum
959 2538 1143 2623 accepimns
1159 2545 1194 2605 et
1215 2559 1290 2623 par·

116 2644 183 2711 vnli
199 2644 320 2711 clarius
336 2666 433 2730 quam
448 2650 560 2729 patres
576 2646 679 2711 nostri
694 2643 849 2728 mysteria
865 2643 959 2727 regni
979 2643 1033 2708 dei
1058 2644 1288 2728 cognoscimus.

114 2750 240 2817 Tamen
261 2750 309 2816 ita
331 2772 402 2816 sese
425 2749 525 2814 habet
547 2750 688 2815 conditio
705 2754 899 2827 nostrorum,
922 2754 961 2812 ut
983 2769 1048 2815 non
1064 2748 1160 2815 modo
1182 2749 1283 2834 pluri·

114 2876 205 2923 mum
237 2855 433 2940 adjumenti,
460 2855 579 2920 veteris
606 2855 716 2940 figurae
745 2853 934 2919 testamenti
964 2853 1007 2918 ad
1035 2852 1226 2938 explicanda
1249 2874 1289 2920 ea

114 2961 297 3043 conferant,
319 2961 376 3026 sed
405 2961 504 3026 etiam
531 2959 686 3044 neglectis
709 2959 797 3024 hisce
828 2961 1030 3050 σκιογραφίαις
1060 2958 1152 3024 adire
1174 2964 1288 3037 nostra

116 3087 269 3152 prorsum
296 3073 468 3152 nequeant.
515 3066 594 3131 Haec
626 3065 716 3131 cordi
745 3064 876 3144 sedent,
910 3064 982 3130 haec
1006 3064 1190 3144 admonent,
1218 3063 1287 3131 haeo

114 3173 253 3257 agitant,
269 3177 306 3237 ut
322 3171 461 3238 Hebraea
476 3178 510 3237 et
524 3193 629 3238 amem
652 3178 685 3237 et
702 3170 847 3237 excolam
869 3169 1078 3236 nihilominus
1093 3169 1143 3236 his
1157 3168 1289 3239 interim

114 3279 260 3362 agitatus
282 3278 385 3345 malie.
421 3279 537 3343 Manca
559 3277 637 3342 mihi
660 3283 773 3343 nostra
795 3275 867 3341 vide
875 3281 952 3341 ntur
975 3275 1036 3340 nisi
1060 3275 1121 3342 hoo
1144 3276 1289 3344 studium

114 3404 224 3450 meum
247 3383 340 3449 bonis
362 3383 509 3450 omnibus
524 3381 703 3467 adprobem
725 3383 759 3448 id
783 3382 1023 3467 qnodarbitror
1046 3404 1117 3449 esse
1141 3380 1286 3450 liberalis

113 3487 1289 3575 animiargnmentum‚atqneadeovobisprimumeccelesiaeprincipibus.

205 3595 244 3661 Id
266 3595 300 3660 in
323 3617 438 3662 caussa
455 3601 514 3675 est,
531 3616 589 3660 cur
604 3594 704 3659 ferme
721 3592 828 3658 omnia
850 3615 923 3659 mea
947 3615 1132 3679 quanquam
1149 3595 1286 3663 hominis

113 3699 276 3787 prophani
292 3702 394 3768 solum
407 3701 587 3767 addixerim
598 3701 638 3765 iis
647 3701 701 3785 qni
714 3700 815 3766 sacris
823 3699 943 3764 initiati
954 3707 1045 3765 sunt:
1063 3693 1219 3766 Cabalam
1228 3701 1287 3768 Ju-

113 3806 331 3893 daioaegentis
342 3807 557 3875 remotissima
568 3812 704 3887 secreta,
721 3827 845 3872 summo
855 3804 1289 3889 ecclesiaep1·incipidicavi¹‚

696 3937 712 3973 a

189 4031 201 4078 l
223 4025 362 4094 Gabalum]
376 4025 418 4077 dio
432 4024 567 4093 widmung
581 4043 614 4076 an
631 4025 683 4079 Leo
697 4026 723 4076 X
736 4041 796 4075 vom
807 4022 881 4074 bllirn
892 4027 967 4086 1517,
977 4042 999 4075 s.
1008 4040 1031 4074 o.
1040 4039 1094 4075 nro.
1103 4022 1288 4100 ccxxxvnr

113 4114 156 4167 die
171 4116 217 4166 des
230 4114 330 4166 buchen
345 4132 404 4165 vom
418 4114 645 4181 wnnderthlttigcn
660 4122 725 4165 wort
739 4132 770 4164 an
786 4112 847 4163 Joh.
861 4129 912 4163 von
928 4112 1047 4177 Dulburg
1061 4113 1077 4162 i.
1087 4112 1108 4176 j.
1124 4114 1200 4176 1194,
1219 4112 1287 4166 oben

112 4219 170 4255 nro.
185 4203 278 4253 XLVI.
312 4203 472 4254 Athanasius
486 4202 629 4269 erklarung
642 4203 687 4253 der
699 4202 816 4270 psalmen
836 4217 869 4250 an
882 4200 1072 4265 Questenberg‚
1090 4205 1121 4249 12
1136 4200 1204 4267 Aug.
1221 4203 1289 4253 1515

113 4293 182 4344 oben
202 4309 258 4342 nro.
279 4291 385 4353 CCXV,
412 4290 455 4340 die
479 4291 525 4341 der
549 4291 697 4341 rudimenta
715 4290 840 4341 hebraica
864 4304 896 4339 un
917 4289 1007 4339 seinen
1026 4287 1123 4339 bruder
1141 4289 1289 4357 Dionysius

112 4397 174 4431 vom
194 4385 208 4431 1
230 4381 302 4430 Mltrn
324 4382 400 4442 1506,
425 4378 491 4428 oben
521 4395 576 4430 nro.
597 4379 704 4430 LXLIV
731 4378 785 4428 und
804 4379 846 4428 die
867 4379 912 4428 der
933 4377 1111 4444 iibersetaung
1131 4379 1177 4430 dor
1196 4380 1289 4433 sioben

112 4467 286 4539 bullpsalmen
306 4485 339 4520 an
357 4468 445 4520 dakob
467 4470 580 4534 Lampus
600 4484 659 4518 vom
681 4473 691 4517 1
715 4468 781 4533 Aug.
805 4468 880 4532 1512,
900 4464 967 4518 oben
988 4483 1044 4519 uro.
1065 4466 1130 4523 CLI.
