2580 4178
668 112 731 177 336

118 306 266 390 impensa.
299 302 479 371 Salomonis
502 302 682 387 ¹proverbia,
705 302 875 369 Canticum
898 301 1109 370 cantieorum
1134 307 1170 368 et
1184 301 1285 369 Eeele

120 412 242 476 siasten
269 408 300 474 in
326 407 526 475 enchiridion
552 407 666 488 simul,
690 415 727 474 nt
753 408 896 494 jussisti,
927 409 1055 477 naviter
1084 428 1161 491 num
1184 428 1287 474 aceen-

119 515 206 581 tibns
230 512 453 579 excudendum
482 534 640 580 curarem.
686 513 769 580 Nam
798 513 877 600 quid
909 520 978 580 tam
995 515 1152 595 arduum,
1176 512 1285 598 quidve

120 627 188 685 tam
212 641 383 704 operosum
419 617 498 684 mibi
520 625 630 703 potest
660 617 767 704 objici,
798 619 894 704 quod,
918 627 951 687 te
969 620 1117 706 jubente,
1141 618 1287 686 herculea

120 725 259 791 audacia
282 747 344 790 non
361 723 541 808 aggrediar,
565 745 624 791 nen
640 723 722 790 clam
746 746 798 790 me
822 730 882 806 est,
905 746 1001 810 quem
1019 725 1098 793 mibi
1122 726 1167 792 sit
1188 731 1222 790 et
1241 731 1286 791 tu·

120 838 188 896 tum
213 838 246 896 et
269 830 362 910 utile,
395 829 461 895 tuis
485 829 675 914 justissimis
704 829 917 914 petitionibus
950 830 1154 898 satisfacere.
1198 829 1284 909 Quod

120 936 219 1020 igitur
244 958 264 1001 a
287 958 338 1002 rue
362 957 421 1019 per
436 935 549 1000 literas
569 937 578 975 ¹
601 936 735 1020 petiisti,
752 935 899 1020 quamvis
922 935 1064 1003 adhunc
1086 958 1191 1022 usque
1206 935 1283 1001 diem

122 1041 312 1120 distulerim,
337 1063 421 1106 nune
436 1041 478 1105 ed
502 1047 535 1106 te
552 1042 683 1107 missum
707 1047 799 1107 tantu
814 1040 969 1108 libentius
992 1042 1146 1127 accipies,
1169 1046 1282 1126 quauta

121 1169 172 1212 me
196 1148 303 1213 fateor
325 1147 359 1211 id
381 1146 551 1213 ardentius
575 1146 730 1231 exegisse.
777 1146 855 1225 Quis
886 1168 969 1213 nune
999 1145 1089 1227 mihi,
1113 1153 1152 1213 ut
1173 1145 1224 1213 hie
1243 1144 1282 1212 ln

122 1275 178 1318 cns
203 1258 283 1330 erat,
307 1252 465 1318 maximas
488 1259 522 1317 et
545 1253 701 1337 plurimas
723 1251 837 1318 landes
861 1253 940 1318 satis
964 1259 1205 1333 commemoret,
1219 1271 1280 1338 qua

122 1358 182 1424 tibi
205 1358 318 1442 procul
342 1357 441 1423 dubio
466 1358 642 1437 debentur,
672 1358 729 1424 sed
752 1358 871 1442 ingenii
891 1358 965 1434 mei*
979 1357 1205 1425 imbecillitate
1226 1379 1278 1424 nnn

122 1464 339 1543 exsolvuntur,
363 1470 513 1529 exactum
527 1471 635 1531 antem
653 1470 795 1549 putetur,
819 1463 916 1550 quod,
939 1464 967 1530 si
989 1486 1132 1549 possem,
1151 1464 1277 1531 libenter

123 1569 243 1634 darem.
290 1569 337 1634 Tu
362 1568 456 1649 enim,
486 1577 579 1636 tanen
607 1577 735 1649 caetera,
770 1592 828 1653 pro
852 1591 952 1636 sarrae
983 1570 1104 1654 lingnae
1134 1572 1276 1637 instaura

123 1677 209 1740 tione
234 1674 310 1759 quid
334 1696 397 1740 non
421 1674 540 1754 fecisti,
572 1684 608 1741 ut
636 1698 698 1741 non
728 1677 890 1742 immerito
921 1675 1007 1742 alter
1036 1677 1109 1762 ejus
1131 1684 1223 1761 pater
1242 1676 1274 1743 sis

123 1780 345 1864 appellandus.
394 1780 472 1846 Vale
498 1782 641 1849 Venetiis
668 1788 703 1846 ll
733 1781 802 1846 Kal.
826 1781 1022 1847 Februarias
1054 1787 1149 1848 1522.

212 1892 287 1949 Ans:
328 1909 368 1945 =
404 1890 643 1965 PROVERBIA,
684 1890 886 1950 CANTICVM
929 1897 958 1951 et
994 1889 1272 1971 'uchEsllsTns

122 1996 203 2054 hebr.
236 1996 280 2055 ed.
311 1995 471 2070 Bonna-g,
501 1999 603 2057 l'enet.
640 1999 723 2057 1522
756 1998 802 2056 bei
833 1994 924 2068 Wolf,
959 1996 1139 2057 bibliotheca
1167 1998 1271 2068 hebrea,

123 2103 178 2159 vol.
197 2103 244 2176 IV,
269 2118 292 2160 s.
321 2105 381 2160 143
399 2100 437 2176 lg.
509 2133 510 2136 ¹

704 2228 720 2265 e

198 2320 206 2367 l
229 2317 279 2365 Per
298 2315 398 2385 literas]
417 2317 551 2368 deebriat
567 2318 711 2369 Reueblina
731 2319 765 2368 ist
784 2317 857 2369 nicht
876 2317 1001 2369 arbalten.
