2798 4980
667 351 734 420 310

114 548 303 616 memoriam
326 543 503 632 specialem
525 539 673 623 babeam,
701 548 769 609 tum
792 562 828 607 es
850 539 958 611 animo
980 562 1055 610 meo
1077 538 1189 610 infixus
1211 540 1243 609 'lu
1291 544 1293 609 i

113 652 233 719 rideris
256 651 336 738 quid
360 650 529 736 speciatim
544 647 731 713 minervalia
753 648 897 714 muneris
917 647 997 715 mibi
1021 646 1181 732 rependas.
1196 646 1244 713 lior
1291 640 1293 647 '

115 778 225 843 qnaero
247 777 374 837 aurum,
396 776 460 822 uon
483 757 667 837 argeutum,
700 752 758 818 sed
782 761 912 836 gustum
945 752 1151 822 Cabalistica
1176 752 1245 835 suavi·

115 863 203 929 tatis.
250 861 387 927 Adime
411 879 520 946 quaeso
544 857 609 923 tuis
633 858 832 924 suavissimis
855 859 959 925 literis
982 857 1199 926 Cabalistioau
1214 843 1246 922 re

116 965 308 1049 dolentesd)
324 964 540 1050 flagrantiam.
564 961 597 1027 Si
615 962 798 1047 quempiam
807 963 954 1031 libellum
973 962 1201 1042 Cabalistioun
1216 961 1246 1026 iu·

115 1077 333 1156 terpretatum
361 1069 464 1135 babes
494 1067 636 1148 (seclusa
665 1074 762 1151 porta
789 1068 914 1152 lucis)¹
949 1068 992 1135 ad
1020 1090 1072 1135 me
1095 1088 1192 1154 queso
1209 1065 1247 1132 des

116 1174 374 1243 exscribendum.
398 1173 471 1241 Noli
488 1191 597 1258 quaeso
610 1180 643 1237 tc
659 1172 829 1239 literarum
853 1173 1008 1240 studiosis
1025 1171 1181 1239 difficilem
1198 1168 1247 1236 red·
1290 1204 1293 1211 ·

115 1281 193 1348 dere
216 1280 250 1345 in
279 1278 554 1346 communicandis
585 1276 677 1345 libris
709 1299 790 1364 quos
821 1278 872 1344 vel
894 1280 1016 1345 invitus
1049 1279 1138 1345 brevi
1164 1278 1198 1344 sis
1214 1296 1247 1341 re

114 1385 252 1452 licturus
282 1405 403 1450 omues.
429 1383 525 1449 Brevi
547 1383 631 1464 dixi,
661 1384 748 1469 quod
778 1385 868 1452 senio
891 1385 1083 1469 grandevus
1113 1389 1146 1450 et
1171 1380 1247 1448 nescio

114 1488 244 1576 quando
272 1509 408 1573 magnus
430 1487 485 1554 ille
508 1493 604 1572 pater
627 1488 767 1556 familias
794 1489 953 1556 rationem
976 1509 998 1556 a
1020 1495 1055 1556 te
1078 1490 1120 1555 sit
1141 1483 1250 1574 postula·

114 1603 217 1664 turus.
265 1593 316 1660 Ad
338 1615 445 1661 meam
468 1599 578 1660 tanum
602 1600 634 1658 et
663 1593 856 1660 universalis
879 1594 1024 1661 ecclesiae
1052 1589 1249 1660 utilitateniu

115 1702 226 1788 plures
266 1697 395 1767 differat
430 1720 532 1765 anuos
567 1696 741 1765 adveutum
768 1719 862 1765 suum
901 1698 944 1764 ad
979 1706 1011 1766 te
1046 1705 1123 1785 opto
1146 1696 1246 1764 enixiu

116 1807 188 1887 Qua
203 1807 336 1890 iusuper
351 1804 534 1872 conditione
545 1804 805 1870 adversariorum
821 1811 951 1871 tuorum
968 1824 1069 1872 causa
1083 1804 1126 1871 sit
1141 1802 1248 1870 extinctu

116 1928 246 1978 rursum
276 1910 359 1977 scira
382 1908 550 1996 desydero.

208 2016 346 2081 Domum
369 2021 525 2100 quantum
541 2013 585 2080 ad
600 2015 684 2081 bano
699 2014 846 2082 voculam
870 2005 928 2100 ’bip
945 2015 958 2055 ²
981 2021 1118 2101 spectat,
1133 2016 1204 2083 scias
1219 2032 1251 2080 ue

118 2120 192 2187 ideo
217 2119 379 2186 dubitare.
413 2119 519 2198 Quum
542 2121 626 2185 enim
656 2129 720 2206 ηρ,
744 2121 868 2188 vineam
892 2119 1060 2206 significet,
1089 2130 1126 2188 nt
1146 2123 1176 2188 in
1194 2115 1252 2186 rudi·

117 2225 235 2293 mentis
257 2225 323 2293 tuis
347 2224 468 2309 legitur
491 2225 606 2290 charta
631 2231 705 2306 255,
729 2227 757 2292 si
775 2226 833 2311 jod
854 2226 885 2292 ei
907 2225 1107 2312 adjungitur,
1129 2229 1250 2310 interpro
1291 2236 1293 2241 '

115 2334 207 2397 tatur
230 2329 381 2396 nimirum
396 2329 490 2395 vinea
516 2350 598 2405 mea,
623 2341 657 2394 ut
685 2329 824 2398 babetur
846 2332 880 2397 iu
902 2331 1094 2399 rudimentis
1115 2334 1176 2400 tuis
1193 2327 1250 2396 iacit

117 2438 191 2500 579.
223 2433 328 2512 Quum
356 2455 433 2518 ergo
457 2446 536 2495 ’uve
568 2434 691 2501 scilicet
720 2437 845 2503 vineam
865 2459 981 2517 meam,
1010 2437 1090 2523 quid
1124 2458 1196 2523 opus
1217 2437 1250 2498 ert

117 2538 240 2606 addere
256 2531 324 2623 'blla
342 2538 429 2624 quod
453 2545 488 2605 tu
512 2539 594 2606 facie
610 2540 909 2626 ovainrerpretaris
929 2543 1002 2608 mei.
1027 2543 1106 2622 Quae
1120 2564 1187 2609 uam
1200 2557 1250 2622 orgo

117 2645 179 2712 erit
212 2645 383 2710 sententia.
432 2646 564 2711 Vineam
598 2666 704 2711 meam
732 2647 796 2712 mei
824 2669 888 2714 nou
919 2647 1088 2728 custodivi,
1119 2670 1174 2733 ego
1198 2661 1250 2712 aaut

117 2748 270 2834 augurari
300 2769 363 2815 non
390 2770 531 2834 possum.
561 2749 625 2816 Sil
649 2772 723 2818 vero
758 2764 837 2813 *unu
868 2760 919 2819 est
945 2753 1082 2839 pluralis
1105 2749 1215 2820 numeri
1230 2751 1251 2812 el

117 2855 269 2939 abjicitur
293 2863 326 2934 n,
350 2861 387 2918 tn
409 2873 518 2939 quaeso
549 2855 629 2922 doce
653 2876 718 2941 qua
748 2857 782 2924 id
810 2857 868 2925 fiat
891 2859 1016 2925 ratione
1050 2880 1177 2945 quaque
1201 2873 1250 2921 cou-

116 2961 272 3028 cinuitate
301 2959 448 3044 sequitur
472 2951 529 3019 ’bru'
554 2968 630 3026 tuuc
654 2964 738 3028 enim
761 2963 845 3030 forte
874 2963 1155 3048 interpretandum
1180 2961 1250 3028 foret:

116 3064 291 3130 Vinearum
307 3084 413 3128 meam
428 3084 491 3129 non
508 3065 676 3132 custodivi.
700 3068 760 3135 aa
781 3067 913 3135 iudaeus
936 3070 967 3135 iu
989 3069 1124 3135 Hochcu
1150 3071 1251 3136 muner

117 3168 174 3254 qui
206 3167 320 3234 scribit
356 3166 399 3233 ad
437 3190 488 3235 me
520 3162 577 3229 *bru
609 3165 789 3255 significare
820 3195 934 3241 meam.
999 3174 1032 3240 Si
1066 3181 1175 3243 autem
1200 3187 1250 3236 eun

117 3293 217 3357 urgeo
245 3271 324 3358 quid
354 3272 456 3339 iaciat
478 3273 611 3340 affixum
637 3275 696 3361 jod
726 3278 759 3343 iu
789 3291 889 3360 vura,
927 3287 1007 3364 puto
1032 3281 1120 3366 qnod
1149 3291 1252 3366 prorant

116 3376 327 3456 obmutescet,
352 3378 471 3464 quippe
495 3380 551 3465 qui
583 3382 664 3448 artis
688 3386 905 3467 grammatica
938 3385 981 3451 eit
1009 3386 1185 3471 imperitus.
1219 3377 1252 3443 Tu

114 3479 213 3566 igitur
241 3488 423 3566 preceptor
452 3484 589 3569 optime,
620 3486 823 3570 ignorantem
853 3491 978 3556 instrue
1008 3497 1042 3559 et
1073 3489 1114 3556 de
1144 3480 1253 3554 mininit

115 3584 319 3652 dubitantem
350 3608 414 3653 non
445 3589 578 3675 neglige,
603 3591 649 3657 sio
673 3593 758 3658 euim
780 3601 1014 3678 perventurum
1044 3617 1096 3661 me
1120 3614 1206 3680 spero
1224 3583 1254 3654 ad

114 3691 247 3777 majora.
273 3691 352 3759 Vale
376 3693 533 3781 foeliciter.
564 3699 613 3763 Ex
636 3697 834 3784 Otteupyrra
857 3699 889 3765 iu
915 3699 967 3766 die
991 3700 1161 3767 Elisabeth
1181 3693 1256 3763 aloe

118 3803 214 3865 1518.

201 3900 1259 3992 mmmzmmwmmmmml

113 4012 165 4075 lib.
190 4013 242 4088 111,
259 4032 304 4090 ep.
332 4009 385 4091 48,
409 4013 459 4077 fol.
486 4020 527 4078 48
552 4018 591 4093 fg.

695 4146 713 4185 ss
754 4172 757 4177 .

187 4274 198 4318 l
221 4271 276 4322 Dus
292 4272 361 4322 vverlr
374 4271 419 4324 des
433 4274 500 4326 Paul
514 4274 605 4326 Ricina
618 4293 638 4326 o.
654 4293 677 4327 o.
693 4292 747 4327 uro.
762 4275 877 4342 CCXXI,
896 4293 917 4328 s.
932 4279 991 4340 251,
1004 4293 1028 4328 a.
1042 4281 1068 4329 4.
1124 4282 1139 4328 2
1160 4270 1267 4327 ussello

114 4353 186 4407 batte
201 4357 331 4424 lilleubog
351 4360 434 4410 sehon
452 4378 506 4414 uro.
526 4363 653 4433 ccxciii
668 4364 864 4418 andecam
884 4365 999 4418 berdbrt.
1075 4369 1090 4419 Β
1109 4367 1138 4419 si
1157 4357 1269 4420 oudodivi

117 4460 158 4498 em
177 4447 242 4498 raud
265 4454 285 4500 t.
