2798 4980
666 344 731 409 110

45 564 48 569 ·
120 534 200 600 nihil
221 533 327 599 adhuc
351 555 390 598 ex
414 532 629 598 metabatur.
674 534 735 599 Est
750 535 835 600 enim
850 534 1013 602 altisama
1027 536 1262 622 speculationum

121 660 217 724 qnam
251 639 378 722 linguae
418 637 593 703 hebraicae
631 638 728 723 plena
764 642 905 725 cognitio
945 640 1046 708 debet
1080 641 1262 719 antecedere,

77 726 108 805 γ’
121 767 222 829 quare
238 743 384 827 discipuli
401 745 491 827 prius
512 744 725 809 concionandi
741 752 826 809 sunt.
865 746 915 811 De
936 746 1068 812 nomine
1083 748 1265 831 Tetragran

120 859 230 915 maten
247 851 273 914 si
290 850 487 932 Capnionem
503 852 670 913 nostrnm¹
688 848 864 933 perlegeris
879 850 1034 932 invenies,
1056 850 1141 919 illud
1155 857 1265 937 propter

120 955 330 1020 excellentiae
354 975 432 1020 suae
455 956 666 1021 reverentiam
682 956 877 1039 quandoque
892 956 1015 1023 notulis
1028 958 1107 1024 aliia
1120 955 1265 1034 conscribi

74 1096 91 1123 a
119 1082 160 1126 ne
184 1061 372 1144 quotidiano
394 1082 457 1125 usu
479 1060 623 1125 silescat
668 1060 776 1138 Quare
791 1061 898 1127 solent
918 1064 1049 1146 quoties
1063 1064 1100 1129 in
1113 1063 1264 1129 charam

119 1187 244 1250 papyro
267 1165 461 1249 depingitur,
484 1186 547 1230 uon
570 1166 705 1248 integris
728 1166 847 1233 litteris
870 1165 1036 1252 effingere,
1057 1168 1120 1234 sed
1142 1167 1265 1241 ultiman

120 1293 194 1336 cum
217 1269 345 1349 daleth,
372 1270 423 1334 sel
447 1277 527 1355 quot
548 1278 663 1337 notare
686 1272 751 1337 sic:
773 1286 849 1330 'run'
876 1270 928 1337 vel
958 1286 1037 1341 'tt-ff*
1069 1279 1131 1340 ant
1161 1271 1265 1339 omnino

120 1376 194 1442 aliis
223 1375 405 1454 notis...²,
434 1397 493 1440 seu
518 1375 583 1441 alio
614 1375 862 1460 quovismodo,
894 1375 973 1442 dum
995 1398 1061 1443 uon
1085 1379 1153 1444 sint
1172 1376 1264 1443 liora

120 1481 224 1565 Moysi
249 1480 403 1546 revelata
428 1501 510 1564 quas
526 1480 629 1546 solum
645 1482 731 1546 inter
746 1502 841 1547 sacra
855 1481 986 1566 eloquia
999 1483 1200 1550 membranis
1211 1501 1265 1565 oon

99 1640 103 1649 .
121 1588 244 1671 scripta
266 1585 479 1652 conformant.
518 1586 660 1663 Quaestio
675 1592 734 1650 tua
757 1586 798 1652 de
821 1587 1000 1653 dictionum
1022 1589 1157 1674 punctis
1181 1583 1264 1654 absol-

120 1693 208 1757 ritnr
239 1691 335 1757 titulo
363 1691 630 1757 rudimentorum.
675 1692 737 1770 Qui
769 1693 854 1758 enim
885 1692 1057 1773 erudiunt,
1087 1714 1152 1759 non
1181 1688 1265 1758 omna

121 1804 233 1864 secant
254 1797 298 1864 ad
320 1799 448 1876 vivum,
483 1798 541 1863 sed
564 1797 743 1863 admittunt
764 1799 912 1864 sarculos
927 1799 960 1863 in
975 1820 1100 1865 anuum
1119 1805 1265 1866 venturum

119 1904 292 1988 putandos.
337 1903 412 1968 Ea⁸
439 1924 511 1986 quae
535 1910 655 1986 puncta
678 1903 850 1987 designant
872 1926 938 1970 non
960 1905 1182 1971 distinctionis
1202 1906 1265 1978 sunt

121 2009 179 2076 sed
208 2009 259 2074 sei
286 2009 448 2092 prosodia
478 2008 530 2073 rel
558 2017 756 2092 temporum,
785 2009 836 2074 rel
864 2010 1055 2094 passionum
1086 2017 1174 2076 notre
1199 2004 1265 2093 apud

121 2115 263 2180 Graecos
285 2115 392 2202 γρόνοι,
407 2115 504 2200 τόμοι,
527 2115 695 2200 πνεύματα,
718 2114 895 2201 παθήματα,
918 2114 960 2180 de
983 2135 1052 2199 qua
1072 2137 1113 2181 re
1136 2111 1266 2200 perfectis

121 2220 296 2304 perfectior
319 2224 370 2283 est
398 2216 577 2301 disciplina.
623 2218 716 2296 Quod
743 2218 948 2284 chaldaicum
975 2219 1203 2287 characterem
1228 2217 1265 2282 de

121 2325 266 2409 syderea,
300 2323 381 2387 nihil
410 2321 520 2389 differt
548 2345 588 2388 ea
610 2323 721 2404 litera,
744 2325 842 2390 crede
863 2324 953 2403 milri,
975 2324 1020 2390 ab
1043 2324 1206 2404 hebraea,
1224 2316 1265 2388 sed

121 2430 242 2496 eisdem
264 2428 376 2512 figuris
400 2428 555 2494 scribitur
577 2429 765 2494 chaldaicus
787 2436 822 2494 et
842 2428 1017 2494 hebraicus
1037 2450 1156 2496 sermo.
1192 2429 1265 2513 syro

121 2558 193 2602 rum
227 2555 266 2600 ea
298 2544 348 2599 cst
379 2533 506 2617 lingua,
542 2555 640 2618 quam
675 2534 826 2600 Gallilaei
858 2555 970 2600 omnes
1007 2541 1044 2599 et
1072 2535 1221 2601 Christus
1243 2533 1266 2595 ct

121 2641 261 2727 apostoli
275 2639 460 2705 babuerunt
482 2640 516 2703 in
538 2661 609 2705 usu.
654 2639 721 2704 Nec
744 2641 848 2724 major
869 2638 1000 2704 illarum
1024 2639 1209 2724 linguarum
1228 2638 1265 2703 est

122 2748 306 2832 disparitas,
338 2767 435 2830 qnam
465 2746 553 2829 aqud
581 2767 640 2810 nos
663 2744 842 2810 Germanos
871 2741 988 2808 bassae
1022 2750 1058 2808 et
1093 2745 1196 2826 altas,
1224 2759 1264 2808 sen

95 2871 98 2875 ’
121 2853 271 2937 Belgicae
294 2858 329 2917 et
352 2851 528 2935 Bojaricae.
573 2851 688 2916 Mans
710 2851 799 2935 apud
821 2858 855 2915 te
877 2847 1057 2933 aliquando
1079 2848 1209 2916 iuturus
1224 2863 1265 2929 sat

122 2960 283 3045 spatiandi
307 2958 423 3042 gratia,
447 2958 475 3022 si
494 2958 611 3041 jubeat
625 2956 681 3021 ille
696 2962 774 3021 tuus
789 2954 1034 3020 laudatissimus
1049 2954 1157 3036 Abba,
1180 2959 1265 3031 osan

121 3066 196 3130 dam
219 3087 279 3150 pro
302 3071 418 3147 coepta
440 3064 526 3128 inter
548 3084 607 3128 nos
630 3063 758 3144 integra
781 3059 999 3126 benivolentia
1014 3060 1174 3145 quicquid
1188 3054 1265 3124 insit

122 3179 348 3255 opportunum.
393 3168 487 3233 Nunc
510 3168 630 3250 raptim
653 3166 733 3231 haec
758 3172 792 3233 et
818 3165 1039 3250 perfunctorie
1069 3166 1187 3250 scripsi
1212 3163 1264 3247 dap

122 3279 242 3359 βιβλίων
273 3278 359 3341 inter
386 3273 659 3340 cementariorum
682 3271 811 3355 opificia
833 3277 868 3336 et
890 3270 1057 3336 structiles
1079 3271 1204 3355 lapides
1223 3266 1263 3346 lie

122 3403 236 3447 norum
259 3401 401 3446 acervos.
447 3378 528 3444 Vale
552 3378 722 3443 foeliciter.
769 3377 820 3441 Ex
842 3375 1032 3458 Stutgardia
1057 3381 1272 3458 uocauere

123 3488 221 3571 Majo.
991 3561 995 3566 ,

211 3599 283 3658 Msc.
300 3595 441 3670 Ellenbog
454 3597 505 3655 lib.
522 3594 536 3653 I
552 3613 597 3668 ep.
614 3598 653 3654 71
671 3592 721 3654 iot.
739 3595 798 3653 62⁸
813 3594 856 3654 bis
874 3587 943 3652 631³.

658 3775 754 3841 CVII.

194 3868 366 3923 Ottobenren.
1054 3862 1157 3915 suunt
1177 3856 1239 3912 1509.

245 3961 373 4034 Frater
390 3951 569 4029 Nicotaus
587 3947 773 4050 Ellenbog
792 3946 977 4050 Capnioni
995 3950 1162 4026 salutem.

210 4104 404 4172 Doctissime
428 4100 721 4184 humanissimeque
745 4099 801 4163 vir.
841 4097 960 4181 Accepi
981 4096 1096 4164 literas
1119 4105 1190 4164 tuas
1210 4107 1264 4160 sna·

126 4207 273 4274 sissimus
296 4209 391 4275 officii
413 4215 447 4274 et
468 4205 684 4272 humanitatis
706 4204 821 4289 plenas
844 4223 926 4287 quas
949 4223 1028 4268 sane
1044 4203 1157 4270 Croesi
1171 4197 1264 4285 opibnt

698 4351 716 4389 a

181 4441 248 4496 lDe
262 4442 342 4496 serbo
356 4442 467 4494 mirifico
480 4445 556 4493 1494.
605 4439 692 4505 ²ng
703 4438 746 4490 die
755 4436 921 4502 bemerknng
930 4452 952 4488 s.
965 4437 1045 4488 1082.
1058 4441 1080 4487 1.
1128 4434 1266 4487 t'l'umstr·
