2798 4980
668 315 734 387 313

181 594 184 599 -
377 608 380 613 .
605 549 786 617 cctxxx.

185 639 327 708 stuttgart.
1018 639 1050 689 18
1068 637 1144 691 Febr.
1168 639 1243 692 1519.

235 729 404 805 Joannes
430 726 614 804 Reuohlin
642 755 690 802 an
718 724 903 803 Wilibald
930 725 1159 802 Pirkheirner

112 876 205 960 trtgt
225 896 277 957 au,
302 875 344 943 ob
361 874 563 941 Pirlrheimer
585 874 644 942 das
669 872 756 941 work
780 873 929 940 Galatins
953 872 993 938 de
1017 873 1145 940 areanis
1168 872 1282 954 kenne,

105 981 232 1048 dassen
256 981 499 1049 ausfrilrrliehen
514 980 586 1046 titel
610 1001 646 1046 er
658 980 781 1065 angibt,
804 979 900 1045 theilt
916 981 985 1060 mit,
1009 977 1084 1046 (1111
1101 978 1233 1046 Galatin
1247 979 1280 1045 in

103 1066 245 1157 diesem*
258 1085 375 1153 werk¹
398 1087 451 1153 ein
472 1106 572 1153 neues
596 1084 680 1154 buch
703 1106 803 1171 gagen
820 1084 1040 1153 Hoohstraten
1064 1083 1280 1170 versproehen

103 1191 199 1260 habe
223 1191 293 1259 und
306 1191 399 1260 fahrt
420 1190 501 1259 fort:

200 1298 327 1366 Horum
349 1297 507 1365 librorum
522 1318 627 1383 nuper
641 1296 684 1364 ab
708 1296 788 1365 urbe
812 1297 939 1367 initium
954 1298 1080 1382 aliquot
1095 1295 1181 1363 foliis
1197 1317 1281 1364 oom-

102 1402 309 1490 prehensum
332 1403 409 1470 mihi
432 1403 475 1470 ab
498 1403 636 1469 inimicis
658 1404 791 1470 missum
815 1411 874 1472 est.
898 1405 997 1490 Cujus
1027 1403 1142 1470 titulus
1166 1403 1283 1470 itaiu·

105 1508 287 1576 scribitur:
314 1503 421 1591 „Petri
445 1508 588 1576 Galatini
612 1509 808 1590 Minoritani‚
832 1512 952 1577 artium
975 1516 1009 1577 et
1031 1530 1133 1576 saorae
1156 1507 1281 1575 theolo-

103 1616 173 1701 giae
197 1614 343 1682 doctoris
366 1637 405 1680 ac
428 1615 687 1681 reverendissimi
716 1614 845 1695 domini,
871 1618 907 1682 D.
932 1615 1028 1682 Laur.
1052 1614 1150 1692 Pauli,
1175 1634 1283 1679 sacro·

103 1727 236 1791 sunotae
263 1721 416 1787 Romanae
449 1719 601 1787 Eoolesiae
629 1721 683 1787 IV.
716 1720 907 1788 Sanctorum
931 1723 1090 1786 minorum
1113 1725 1283 1786 coronato-

102 1847 184 1895 rum
217 1825 411 1912 preabyteri,
442 1825 618 1891 cardinalis
646 1825 822 1893 familiaris.
868 1828 958 1912 Opus
982 1825 1021 1891 de
1046 1811 1220 1909 Oapnionis
1244 1829 1279 1889 et

104 1932 305 2017 Hogostrati
340 1931 574 2016 disputatione.¹
601 1931 674 1997 divo
708 1933 808 1998 Leoni
832 1930 980 1998 Pontifici
1014 1931 1153 1995 maximo
1193 1927 1284 1994 dedi·

110 2040 256 2106 camur

203 2142 364 2222 Praelatio,
388 2142 656 2209 interlocutores:
687 2141 867 2224 Galatiam,
896 2141 1029 2228 Capnio,
1052 2134 1281 2226 Hogoatratus.

109 2244 157 2314 Et
181 2246 210 2314 si
234 2268 293 2331 ego
317 2268 446 2333 quoque
469 2247 624 2334 Capnion,
656 2247 751 2333 plane
780 2268 819 2315 ao
851 2249 987 2334 ingenue
1011 2248 1118 2314 fateor
1140 2245 1283 2312 Galatiui

109 2352 221 2419 nostri
244 2374 324 2437 opus
348 2353 388 2418 de
414 2355 548 2419 Aroania
572 2354 739 2419 catholicae
762 2355 919 2435 veritatis,
943 2354 1010 2421 tale
1032 2354 1178 2441 profecto
1200 2372 1284 2431 esee,

108 2457 202 2546 quod
226 2478 285 2543 per
307 2449 396 2524 illud
419 2480 482 2525 non
513 2459 616 2525 solum
641 2459 829 2525 Judaeornm
861 2462 966 2527 nostri
990 2460 1145 2546 temporis
1169 2465 1203 2525 et
1227 2457 1283 2524 dn-

110 2562 245 2631 risaima
269 2564 377 2629 cervix
393 2563 538 2630 funditus
562 2565 781 2645 contunditur,
803 2572 837 2631 et
860 2565 1025 2632 obstinata
1048 2564 1186 2652 perfidia
1210 2584 1284 2630 oon·

110 2669 264 2749 vincitur,
296 2691 406 2735 verum
441 2671 538 2735 etiam
563 2670 744 2747 orthodoxa
775 2670 855 2735 fides
887 2679 1000 2736 nostra
1030 2671 1203 2754 plurimum
1233 2691 1284 2736 ro-

111 2775 204 2842 boris
225 2775 346 2859 accipit
369 2782 403 2840 et
425 2775 610 2841 Christiana
634 2777 745 2860 religio
767 2776 884 2840 mirum
906 2777 939 2840 in
962 2775 1091 2841 modum
1109 2773 1283 2850 exaltatur,

111 2880 177 2947 tibi
207 2886 315 2947 tamen
346 2902 428 2967 opus
447 2883 562 2966 'ipsum
596 2882 675 2947 nihil
708 2882 759 2962 (ut
770 2903 810 2947 ex
832 2882 932 2946 animi
962 2879 1124 2946 sententia
1154 2877 1283 2964 loquar)

111 2985 269 3072 prodesse
297 3008 392 3071 posse
423 2986 574 3067 arbitror,
599 2994 762 3072 quatenus·
792 3009 851 3074 per
880 2985 962 3052 illud
990 2983 1120 3051 defendi
1152 3003 1282 3068 quoquo

111 3091 211 3158 modo
234 3091 355 3161 valeas.
378 3092 488 3178 Spero,
511 3101 543 3158 te
566 3095 703 3178 primum
739 3115 820 3179 opus
843 3095 911 3177 jam
936 3091 1066 3171 habere,
1088 3111 1154 3176 quo
1177 3087 1210 3153 in
1234 3107 1284 3153 ro-

112 3197 232 3283 ligione
255 3196 448 3264 Christianae
472 3199 550 3265 nihil
581 3221 722 3284 unquam
747 3198 811 3264 vidi
836 3197 1054 3264 excellentius.
1100 3190 1282 3262 Secundum

112 3308 225 3370 autem
248 3324 329 3389 opus
358 3305 477 3372 iterum
508 3306 692 3389 iterumque
723 3325 818 3389 spero
841 3325 899 3371 nos
923 3304 988 3369 cito
1010 3301 1190 3368 habituros.
1214 3299 1283 3378 Quo

113 3431 224 3495 quaeso
252 3410 347 3494 quasi
371 3410 505 3496 laqueos
529 3410 817 3494 Theologiatarum.
859 3410 939 3477 Vale
965 3407 1128 3492 Stutgard.
1155 3403 1283 3471 11111.

114 3515 253 3581 Martias
275 3536 360 3581 anno
388 3521 481 3581 1519.

436 3620 563 3687 Johann
587 3619 743 3710 Reuchlin
767 3619 957 3686 Phoroeneis
982 3618 1043 3684 LL.
1065 3619 1194 3684 Ductor.

206 3729 370 3790 Gedruelrt:
388 3752 430 3784 =
446 3731 581 3791 Bilibaldi
604 3730 794 3792 Pirkheimeri
817 3746 907 3806 opera
930 3729 974 3788 ed.
1001 3727 1134 3802 Goldast,
1157 3729 1284 3787 Franco·

117 3834 191 3898 lorti
218 3838 312 3910 1601,
336 3851 359 3894 1.
385 3839 459 3896 260.

603 4000 798 4070 CCLXXXI.

186 4093 324 4160 stuttgart.
1076 4087 1149 4137 Mtte
1173 4086 1248 4136 1519.

267 4179 453 4256 Reuohlin
481 4207 529 4254 an
558 4179 630 4254 den
657 4176 870 4254 erabisohof
891 4202 967 4249 von
981 4174 1129 4283 Matina.

204 4303 297 4370 Preis
320 4303 378 4369 des
401 4302 607 4383 erzbisohofa‚
631 4301 738 4368 seiner
759 4298 878 4378 maoht,
901 4296 1006 4362 seines
1029 4318 1092 4363 neu
1115 4295 1284 4382 erlangten

114 4407 329 4493 cardinalats,
354 4409 462 4477 seiner
477 4406 713 4498 begiinstigung
736 4405 795 4473 der
809 4399 1087 4489 wissenschaftem
1110 4401 1284 4487 erz'thlung
