2798 4980
660 323 725 391 201

107 509 370 580 Praedicatorum
389 513 424 578 in
438 510 635 580 Alemanniae
650 513 815 596 provincia
829 535 973 598 numero,
996 504 1052 601 ilci
1067 537 1119 583 mc
1133 516 1279 584 fraterna

107 616 294 698 charitate,
329 640 426 704 quam
453 619 493 686 de
520 618 586 684 illis
616 618 710 702 longo
730 620 799 704 jam
821 627 979 706 tempore,
1007 623 1072 688 imo
1089 621 1278 706 longissimo

109 728 146 788 et
176 722 321 788 consiliis
348 723 428 790 meis
460 731 495 790 et
524 724 653 790 auxiliis
681 725 816 791 meritus
845 748 915 792 sum
943 730 1182 812 prosequatur?
1226 728 1279 794 Sic
1371 756 1377 769 ··

107 829 199 894 enim
222 828 374 895 Socrates
401 829 489 913 apud
512 829 656 911 Platonis
679 831 838 896 Timaeum
862 833 971 916 ejulat.
1017 833 1060 898 Et
1082 833 1146 899 heu
1169 834 1277 917 prisca

103 932 209 1000 fides!
254 933 358 1000 Nemo
388 933 535 1001 hercule!
581 935 692 1001 Nemo.
717 936 841 1020 Magis
880 944 990 1004 autem
1023 929 1188 1023 quassato
1206 940 1276 1024 jam

101 1040 140 1104 in
166 1040 301 1106 tertium
323 1037 401 1106 mibi
423 1061 544 1106 annum
566 1047 601 1106 et
623 1061 643 1106 a
665 1040 847 1108 latronibus
870 1042 1038 1111 vulnerato
1055 1065 1118 1111 non
1135 1050 1194 1125 est,
1221 1045 1277 1130 qui

104 1166 207 1230 opem
239 1145 342 1226 ferat,
374 1152 529 1226 nonest,
564 1146 618 1231 qui
642 1147 807 1228 consulat,
840 1169 944 1233 neque
969 1148 1145 1231 Sacerdos,
1169 1171 1277 1235 neque

107 1250 238 1331 Levita,
260 1251 510 1334 praedicatorum
533 1251 718 1336 praesertim
742 1274 863 1334 eorum,
893 1256 927 1319 in
950 1276 1032 1339 quos
1055 1260 1106 1320 tot
1128 1261 1162 1321 et
1184 1261 1278 1323 turta

109 1355 274 1423 beneficia
289 1359 419 1438 contuli,
435 1363 473 1424 ut
487 1358 544 1423 illa
560 1359 626 1424 suis
642 1359 748 1425 literis
763 1365 962 1425 attestentur
975 1361 995 1440 ¹,
1011 1361 1091 1426 satis
1107 1361 1280 1427 enunciare

108 1484 177 1528 non
200 1483 306 1546 posse.
352 1463 464 1529 Denuo
494 1463 727 1545 Samaritanus,
759 1465 793 1529 id
828 1471 892 1545 est,
925 1465 1101 1532 secuudum
1125 1467 1279 1551 etymolo-

104 1568 196 1652 giam
228 1588 336 1648 suam,
360 1567 549 1634 observator
573 1568 720 1653 quidam,
744 1561 874 1653 elegans
897 1568 1052 1651 Scotista,
1075 1571 1278 1657 intempore

107 1673 283 1753 succurrit,
308 1673 524 1757 evangelicam
547 1673 725 1740 observans
747 1675 901 1759 regulam,
925 1681 962 1741 ut
984 1675 1066 1740 asini
1096 1676 1278 1760 proximum
1375 1731 1376 1734 ι

107 1801 151 1845 ax
174 1785 275 1863 puteo
307 1777 430 1863 absque
457 1785 649 1845 nocumento
679 1780 834 1847 traheret.
879 1781 922 1845 Et
944 1780 1053 1847 subito
1076 1782 1179 1861 Deus,
1203 1803 1278 1847 ecce

109 1883 218 1950 Deus!
246 1883 280 1948 in
307 1905 358 1950 me
381 1905 520 1970 namque
545 1885 855 1969 comprehendenda
877 1885 1109 1969 praedicatores
1131 1887 1179 1951 ita
1202 1893 1278 1953 sunt

108 1989 287 2070 excoecati,
315 1995 353 2055 ut
374 2011 434 2056 nec
457 1991 665 2074 Evangelium
688 1990 897 2076 professionis
921 2011 987 2057 suae
1010 1990 1188 2072 imitantes,
1219 2014 1278 2058 nec

111 2094 261 2162 ecclesiae
277 2125 279 2128 ⁴
294 2115 450 2176 canones,
484 2117 589 2181 neque
622 2097 767 2177 modum,
801 2118 906 2182 neque
938 2096 1129 2162 modestiam
1159 2097 1277 2164 norint.

109 2201 235 2284 Rogavi
258 2221 398 2285 namque
415 2202 586 2268 Dominum
609 2203 642 2268 in
657 2203 788 2268 Dothan
812 2209 845 2268 et
861 2201 943 2268 dixi:
968 2208 1111 2286 percute,
1134 2201 1278 2284 obsecro,

109 2306 197 2372 banc
224 2313 353 2389 gentem
376 2307 538 2387 caecitate,
560 2308 785 2393 percussitque
809 2329 866 2374 ecs
889 2307 1046 2374 Dominus
1069 2329 1109 2374 ue
1132 2308 1281 2374 riderent

108 2418 144 2477 et
168 2433 210 2478 ue
232 2419 446 2496 agnoscerent
468 2413 552 2478 viam
569 2413 590 2478 ².

203 2517 305 2597 Quod
326 2518 398 2583 luce
429 2518 547 2584 clarius
577 2518 746 2603 intelliges.
800 2519 883 2585 Nam
917 2526 955 2584 17
986 2518 1050 2584 lral.
1086 2517 1280 2585 Octobres³
1339 2572 1342 2578 .

109 2622 257 2689 lacobus
281 2623 510 2704 Hccbstraten,
544 2625 634 2709 prior
657 2624 857 2690 Coloniensis
880 2623 1141 2702 Praedicatorum,
1165 2625 1221 2708 qui
1244 2644 1279 2688 se

109 2729 260 2795 nominat
287 2729 512 2813 inquisitorem
541 2729 714 2813 provinciae
746 2730 941 2812 Mogontinae
957 2730 986 2809 ⁴,
1016 2750 1087 2794 cum
1119 2728 1279 2794 temonis

109 2856 219 2920 neque
246 2833 289 2900 sit
317 2856 421 2919 neque
450 2856 521 2901 esse
552 2837 658 2919 possit
685 2858 725 2900 ex
755 2835 876 2901 ordinis
908 2835 959 2901 sui
982 2832 1277 2910 constitutionibus,

109 2941 202 3006 misit
233 2940 276 3006 ad
307 2962 359 3006 me
393 2941 589 3024 scripturam
621 2941 783 3024 privatam
815 2947 849 3007 et
877 2961 940 3006 non
964 2925 1194 3018 authenticam,
1217 2958 1278 3003 nec

109 3047 182 3131 ipse
206 3047 342 3112 nuncius
366 3046 406 3112 de
430 3047 653 3113 commissione
677 3067 736 3111 sua
751 3044 848 3111 fidem
872 3046 1012 3124 lecerat,
1036 3065 1101 3128 qua
1123 3064 1175 3107 me
1199 3043 1278 3108 cita-

109 3152 168 3231 vit,
196 3158 234 3216 ut
265 3173 368 3218 essem
392 3151 565 3236 Moguntiae
588 3158 663 3236 post
686 3173 798 3217 earum
821 3152 1005 3217 litterarum
1028 3148 1279 3215 insinuationem

110 3263 207 3324 sexta
238 3256 308 3336 die,
341 3257 422 3322 hora
454 3278 548 3322 mane
581 3263 714 3338 octava,
747 3264 784 3323 ut
816 3256 957 3324 viderem
993 3261 1106 3320 contra
1135 3253 1279 3321 libellum

108 3384 220 3429 meum
244 3362 374 3428 oculare
398 3362 563 3447 speculum
586 3363 720 3447 procedi
744 3364 888 3448 rigoroso
911 3368 949 3428 ut
970 3362 1040 3445 ipse
1064 3360 1183 3446 ajebat,
1207 3381 1281 3445 prc-

109 3490 217 3548 cessu,
240 3467 367 3533 nemine
390 3474 574 3547 accusante,
598 3468 686 3534 nullo
710 3470 877 3534 deferente
901 3474 959 3534 aut
974 3466 1198 3547 denunciante‚
1223 3465 1280 3532 sed

110 3598 155 3642 ex
188 3574 259 3640 sola
294 3575 478 3640 temeritate
513 3594 573 3640 sua
596 3595 635 3640 ac
670 3575 832 3659 superbia.
883 3574 959 3639 Jam
982 3573 1083 3638 sentis
1106 3571 1280 3637 volandum

690 3721 708 3760 ³¹⁵

109 3817 208 3868 abesse
232 3813 321 3877 doleo,
348 3821 375 3864 ut
401 3829 469 3880 agre
488 3812 572 3863 literis
595 3812 674 3862 etiam
698 3810 817 3878 colloqui
843 3813 930 3863 liceat.
971 3811 1098 3878 (Riegger
1122 3825 1216 3860 amceu.
1241 3808 1279 3860 lit.

110 3904 235 3969 Friburg.
254 3905 280 3953 11
299 3919 320 3953 e.
341 3905 412 3967 3⁷7.)

187 3991 280 4057 lVgl.
307 3990 372 4041 oben
400 3990 442 4040 dic
468 3988 550 4039 briefe
574 4005 628 4040 nro.
647 3988 809 4039 LXXXVIII
828 3991 854 4039 ff.
927 3993 941 4038 2
964 3988 1023 4053 Vgl.
1043 3991 1066 4037 4.
1087 3987 1153 4037 Mos.
1177 3988 1216 4047 16,
1239 3989 1278 4038 ll.

108 4085 124 4131 3
145 4079 221 4132 Nccb
237 4079 288 4130 den
298 4079 376 4129 alrten
390 4079 425 4130 ist
437 4079 508 4130 diese
518 4077 747 4142 zeitbestimmung
760 4076 834 4127 nicht
852 4075 957 4140 ricbtig,
970 4058 1280 4125 Hochstraten'scbiclrte

107 4170 161 4221 den
189 4167 260 4218 briei
283 4183 327 4217 am
352 4171 380 4229 9,
408 4166 537 4218 Reuchlin
564 4165 642 4219 sollte
665 4182 707 4215 um
735 4169 767 4216 15
789 4167 858 4232 Sept.
882 4165 1033 4215 erscheinen
1056 4178 1077 4213 s.
1096 4178 1123 4214 u.
1149 4162 1281 4213 CLXXII.

106 4263 124 4309 4
145 4257 181 4308 So
203 4265 283 4308 neunt
302 4257 361 4308 sich
378 4255 556 4308 Hocbstratcn
583 4255 671 4317 nicht,
701 4254 813 4304 sondcrn
833 4252 972 4320 inquisitor
991 4250 1170 4312 Coloniensis,
1188 4250 1279 4301 volens

101 4345 318 4412 jurisdictionem
339 4361 411 4398 suam
426 4382 452 4396 ..
469 4346 495 4394 in
520 4345 677 4413 moguntina
702 4343 837 4412 provincia
860 4357 1016 4394 exercere..
1038 4343 1103 4392 Acta
1118 4339 1280 4409 judiciorum

104 4440 130 4491 Δ
151 4435 195 4490 iit.
