2580 4178
679 10 743 80 156

119 201 289 286 collegium
310 199 570 268 doctissimorum
590 198 814 285 theologorum
835 197 1062 283 recalcitrare,
1084 200 1286 287 potissimum

118 306 153 373 in
187 306 227 372 iis
260 327 331 392 qua
366 311 442 372 sunt
468 304 656 391 theologica
688 304 893 386 subtilitatis,
925 310 970 371 et'
985 306 1152 375 excedunt
1173 307 1286 377 limites

121 411 288 478 facultatis
309 433 399 478 mea.

208 516 331 584 Iocirco
363 518 396 583 in
430 516 678 584 mansuetudine
707 517 835 601 suscepi
869 516 1020 598 verbum,
1049 515 1142 602 quod
1171 517 1214 585 ad
1238 540 1284 586 me

117 643 222 707 nuper
255 623 455 707 scripserunt
486 623 656 690 reverendi
693 627 806 708 patres
842 623 906 687 mei
938 620 1205 689 contubernales¹
1229 624 1283 705 tui,

119 729 321 812 suspicantes
344 749 395 794 me
419 729 568 796 omnibus
591 729 714 796 viribus
736 727 906 805 adnixum,
929 732 1091 811 quatenus
1119 728 1281 813 negocium

115 831 275 909 ¹libroruin
299 833 519 916 Judaicorum,
542 834 752 901 laudabiliter
780 854 840 917 per
870 831 1054 898 Caesaream
1081 832 1281 919 Majestatem

120 942 271 1022 coeptum,
295 938 550 1007 interverterem.
595 942 664 1025 Ego
680 959 757 1005 vero
780 958 885 1022 neque
910 938 979 1003 ex¹
1000 937 1107 1004 literis
1131 937 1279 1025 Imperia·

118 1041 205 1108 libus
235 1064 339 1128 neque
368 1044 610 1131 Archiepisoopi
639 1044 798 1129 conjicere
830 1041 932 1122 valui,
967 1041 1047 1127 quid
1076 1042 1221 1111 finaliter
1247 1044 1281 1111 de

119 1148 159 1213 iis
183 1153 324 1232 coeptum
348 1148 455 1231 fuerit,
478 1156 536 1217 aut
563 1152 787 1230 constitutum,
810 1168 870 1213 neo
897 1147 993 1213 hodie
1021 1147 1099 1213 scio.
1147 1149 1182 1217 Si
1205 1151 1280 1217 enin

120 1258 262 1338 coeptum
285 1253 367 1335 fuit,
380 1261 417 1322 ut
440 1278 550 1324 omnes
576 1255 789 1323 Hebraorum
813 1252 888 1343 libri
910 1258 1147 1335 cremarentur,
1170 1261 1280 1341 prater

119 1359 268 1440 Bibliam,
293 1364 418 1426 certum
443 1366 501 1442 est,
526 1362 613 1447 quod
628 1361 691 1427 fuit
712 1356 879 1446 injustum,
902 1358 1002 1425 etiam
1024 1380 1066 1425 ex
1081 1360 1202 1427 vestris
1217 1354 1281 1428 con·

119 1465 209 1546 siliis,
244 1471 277 1530 et
310 1465 448 1533 aliarum
471 1467 718 1533 universitatum
735 1466 761 1547 ²,
793 1485 866 1551 quse
895 1485 980 1531 nunc
1003 1485 1134 1531 mecum
1163 1465 1278 1548 babe03

119 1573 310 1650 sinautem,
334 1571 421 1656 qnod
444 1592 555 1638 omnes
585 1571 679 1638 illaesi
702 1575 886 1651 manerent,
911 1570 1060 1637 similiter
1083 1577 1213 1638 certum
1240 1578 1281 1639 est

119 1675 207 1763 quod
229 1676 291 1742 fuit
313 1676 476 1760 injustum.
524 1676 689 1755 Quomodo
714 1697 789 1761 ergo
812 1675 1026 1742 intervertere
1043 1677 1192 1744 conabar
1207 1699 1282 1762 coep·

119 1789 189 1848 tum
213 1782 379 1865 negocium
403 1782 489 1866 quod
512 1782 702 1867 ignorabam
725 1781 866 1866 qualiter
888 1786 1039 1866 coeptum,
1063 1802 1139 1847 cum
1163 1804 1205 1848 ex
1220 1783 1280 1849 sola

119 1887 268 1954 veritatis
292 1886 499 1970 simplicitate
523 1888 602 1953 nihil
625 1887 748 1953 sinistri
779 1887 924 1971 cogitans
952 1887 996 1952 ad
1027 1884 1137 1970 ignem
1165 1888 1281 1974 judica-

118 2013 229 2058 veram
252 1998 392 2076 quatuor
415 2013 533 2076 genera
556 1993 728 2073 librorum,
756 1992 861 2077 primo
885 1993 1112 2076 blasphemiae,
1146 1995 1280 2061 secundo

121 2096 264 2177 haeresis,
288 2096 385 2162 tertio
401 2097 534 2179 famosa,
551 2106 668 2185 quarto
684 2098 866 2182 reprobatae
882 2098 1039 2164 lectionis.
1085 2100 1137 2166 De
1153 2099 1278 2185 reliquis

120 2224 225 2288 neque
248 2223 387 2268 canones
411 2203 511 2269 habui
533 2225 638 2289 neque
661 2203 759 2288 leges.

209 2306 274 2374 Sed
296 2309 383 2392 quod
405 2330 457 2374 me
480 2309 668 2375 insimulant
688 2308 837 2374 lautoriee
855 2306 994 2393 judaica
1017 2307 1167 2392 perfidiae
1182 2315 1281 2376 notam

119 2412 307 2494 incurrisse,
340 2436 403 2480 non
432 2416 605 2495 assentior,
634 2419 668 2480 et
694 2435 769 2479 vere
794 2434 866 2478 cnm
890 2414 1009 2479 Sancto
1033 2413 1236 2502 Hieronymo
1255 2416 1281 2479 iu

119 2520 276 2604 Apologia
299 2541 397 2603 super
419 2519 580 2586 schedulis
604 2519 646 2585 ad
669 2518 942 2584 Pammachium³
965 2524 999 2585 et
1014 2519 1184 2586 Oceanum
1207 2542 1282 2587 asse

118 2648 190 2692 rere
207 2647 347 2711 possum,
371 2627 521 2691 testando
539 2626 634 2691 deum
657 2630 691 2690 et
714 2625 837 2692 dicere:
872 2626 924 2705 „Si
948 2625 1080 2710 expedit
1104 2625 1214 2693 odisse
1236 2626 1281 2691 ho·

118 2733 221 2798 mines
245 2737 279 2798 et
301 2737 413 2815 gentes
436 2731 561 2815 aliquas
585 2731 752 2811 detestari,
777 2732 858 2796 miro
882 2730 957 2796 odio
981 2752 1115 2797 aversor
1139 2732 1282 2799 circunci-

122 2838 244 2904 sionem
272 2842 306 2903 et
332 2836 466 2921 objiciat
496 2837 576 2901 mihi
599 2838 759 2922 quispiam
790 2859 847 2903 cur
876 2837 1037 2902 hominem
1060 2836 1214 2903 Judaeum
1236 2837 1282 2901 ha

122 2942 248 3010 buerim
282 2946 546 3026 praeceptorem“.
605 2944 682 3008 Haeo
720 2941 783 3006 ille.
844 2941 970 3008 Nullius
1010 2946 1122 3007 autem
1159 2941 1283 3008 rationis

125 3070 196 3133 quae
224 3047 284 3113 sub
312 3047 389 3112 caelo
419 3052 469 3113 est
497 3046 667 3130 perfidiam
697 3069 748 3112 me
781 3047 900 3128 fovere,
929 3049 1024 3114 testis
1055 3053 1107 3113 est
1130 3047 1201 3114 vita
1222 3068 1284 3114 mea

125 3175 223 3239 quam
246 3153 327 3218 duco
351 3152 676 3237 irreprehensibilem.

213 3259 305 3337 Quod
321 3264 430 3323 autem
447 3258 621 3324 vernacula
635 3258 744 3343 lingua
760 3260 883 3343 scripsi,
901 3279 978 3324 sane
995 3259 1142 3342 oportuit
1155 3259 1284 3344 quidem.

121 3365 204 3429 Nam
234 3371 266 3430 et
299 3365 408 3430 Caesar
438 3371 471 3428 et
495 3365 776 3448 Archiepiscopus,
808 3367 925 3450 quibus
957 3364 1044 3430 solus
1069 3365 1200 3448 scripsi,
1223 3386 1286 3431 ver-

122 3469 239 3536 nacula
262 3492 387 3536 mecum
413 3475 561 3554 egerunt,
594 3476 631 3535 ut
657 3471 691 3535 in
719 3472 942 3537 commissione
966 3470 1121 3536 mandato
1155 3477 1190 3537 et
1216 3490 1287 3554 pra

121 3582 215 3661 cepto
239 3576 348 3641 videre
373 3576 486 3644 licebit
502 3576 524 3640 ¹².
572 3576 665 3654 Quod
690 3577 768 3642 item
792 3578 834 3641 ad
866 3575 1054 3642 scandalum
1077 3575 1207 3655 attinet,
1230 3595 1285 3641 non

701 3699 718 3736 ll<

194 3794 205 3838 1
226 3789 281 3839 Nec
300 3804 333 3838 ex
353 3791 376 3838 3.
450 3793 463 3837 2
485 3788 610 3839 Consiliis
630 3791 724 3838 vestris
746 3794 771 3850 2,
792 3788 857 3838 aliar
876 3786 958 3853 univ]
979 3785 1025 3836 dcr
1043 3787 1166 3838 Mainzer
1192 3788 1287 3837 univer·

120 3879 186 3927 sitiit
204 3877 259 3942 vgl.
278 3876 406 3927 Reuchlin
430 3893 451 3926 a.
478 3881 528 3928 236
549 3878 586 3942 fg.
658 3878 721 3926 31n
748 3876 794 3926 der
814 3892 860 3942 pro
880 3875 955 3925 libris
975 3873 1102 3924 adversus
1121 3874 1289 3926 Jovinianum

120 3963 153 4014 ad
173 3964 370 4015 pammachium
389 3965 526 4031 apologia,
545 3964 611 4031 Opp.
633 3966 673 4016 ed.
693 3965 818 4014 Erasmus
839 3965 885 4026 111,
906 3965 939 4012 46
959 3964 985 4012 ff.
1005 3961 1089 4012 findet
1109 3963 1171 4014 sich
1190 3963 1231 4013 die
1249 3979 1288 4012 sn·

103 4053 241 4120 ‚gefdhrte
268 4053 344 4103 stelle
371 4053 452 4110 nieht.
527 4059 542 4109 4
564 4054 639 4109 Obeu
667 4056 699 4104 26
727 4053 792 4117 dull,
814 4056 844 4101 12
866 4054 933 4123 Aug.
957 4051 1039 4115 1510,
1067 4066 1126 4103 nro.
1150 4052 1224 4103 CXX
1243 4049 1289 4103 und
