2798 4980
675 289 694 356 7

96 482 279 549 studiorum
303 502 464 561 meorum,
494 481 595 546 mavis
623 488 679 547 tuo
704 481 829 567 judicio
861 501 957 568 quam
990 479 1103 546 alienae
1132 482 1266 548 credere

95 588 335 672 praedicationi,
368 607 425 670 ego
449 587 536 671 quod
562 587 649 652 haud
681 595 803 653 temere
827 587 905 653 mihi
928 586 1040 652 videor
1063 588 1265 653 committere

97 693 234 772 debere,
266 698 303 757 ut
322 691 480 776 judicium
503 699 594 759 tuum
618 693 752 758 subeam
775 693 914 759 hominis
942 699 1009 758 tam
1032 693 1266 778 multiplicibus

96 798 336 882 disciplinarum
353 799 586 882 literarumque
603 800 800 864 ornamentis
817 798 959 883 expoliti.
991 797 1134 876 Quarum
1157 820 1265 865 rerum

96 903 228 969 abunde
258 903 437 986 locupletes
467 910 569 971 testes
598 911 663 970 tuae
695 905 773 968 mihi
804 905 908 969 literae
939 903 1078 968 fuerunt.
1131 903 1264 970 Gaudeo

96 1010 158 1093 (ita
188 1032 239 1074 me
270 1009 349 1074 deus
381 1009 481 1092 amet)
511 993 613 1075 vicem
642 1017 732 1076 tuam
764 1015 798 1075 et
828 1030 927 1094 quum
951 1009 1050 1074 animi
1073 1015 1263 1094 naturaeque

95 1121 160 1180 tuae
184 1114 359 1194 ioelicitati,
384 1121 452 1180 tum
480 1136 556 1180 vero
583 1116 615 1203 ip
640 1115 753 1199 primis
776 1115 915 1180 fortunis
939 1114 1120 1179 Germaniae
1143 1122 1263 1181 nostra

94 1221 249 1305 gratulor,
278 1242 375 1305 quam
400 1221 428 1285 si
452 1242 594 1305 unquam
624 1243 708 1286 nunc
732 1220 906 1305 aliquando
932 1218 1142 1304 expergefieri
1168 1243 1263 1304 opor-

94 1326 178 1391 tebit
208 1331 242 1392 et
271 1327 313 1391 ab
345 1326 406 1390 hac
429 1325 582 1391 barbarie
607 1348 671 1412 qua
695 1333 745 1392 tot
768 1327 836 1410 jam
867 1324 986 1391 seculis
1014 1325 1102 1391 velut
1131 1326 1262 1411 stupido

95 1453 210 1515 sopore
227 1431 278 1496 vel
293 1432 401 1514 potius
423 1431 563 1522 ληθάργῳ
586 1458 644 1496 τινι
666 1453 823 1516 oppressa
839 1437 970 1497 tenetur
986 1432 1130 1498 excitari.
1170 1432 1264 1511 Quod

96 1544 205 1603 antem
236 1535 453 1602 eruditissime
482 1537 577 1602 simul
600 1537 916 1621 prudentissimeque
946 1537 1141 1602 sententiam
1173 1543 1263 1602 tuam

97 1644 136 1709 de
167 1642 329 1708 hebraicis
357 1642 461 1708 literis
490 1643 533 1708 ad
562 1665 613 1708 me
636 1642 812 1726 perscribis
835 1641 916 1708 facis
939 1647 975 1706 tu
999 1642 1129 1726 quidem
1152 1643 1264 1708 huma

97 1750 240 1827 nissime,
264 1747 361 1813 credo
385 1748 483 1812 etiam
515 1769 591 1813 vera
614 1754 647 1813 te
671 1748 789 1813 dicere.
836 1746 920 1825 Quid
942 1746 1059 1811 faciam
1083 1750 1212 1813 tamen?
1236 1749 1263 1813 si

97 1855 186 1921 aliud
210 1853 288 1918 mihi
312 1853 447 1919 videtur.
496 1853 564 1918 Scis
588 1854 688 1933 enim,
719 1858 799 1938 quot
821 1852 981 1930 hominen,
1010 1857 1061 1917 tot
1085 1854 1263 1933 sententiae,
1296 1858 1305 1874 ’

95 1968 132 2026 ut
162 1961 196 2024 in
227 1959 325 2024 rebus
355 1959 511 2025 humanis
523 1976 674 2044 'persaepe
705 1959 738 2023 in
761 1963 901 2023 mentem
934 1957 1013 2022 mihi
1038 1958 1149 2023 veniat
1173 1958 1264 2023 dubi-

96 2074 178 2145 tare,
203 2065 302 2130 sitne
325 2086 436 2129 verum
459 2065 493 2129 id
517 2064 603 2148 quod
626 2065 742 2148 priscis
759 2063 921 2129 nonnullis
938 2063 1041 2128 visum
1060 2070 1118 2144 est,
1143 2085 1213 2129 esse
1229 2059 1263 2128 id

97 2172 254 2256 optimum
283 2171 316 2234 in
340 2171 386 2234 eis
410 2170 498 2254 quod
514 2170 557 2234 sit
579 2171 686 2235 animo
710 2172 865 2254 cujusque
881 2170 1110 2252 gratissimum.
1148 2169 1262 2254 Itaque

94 2277 211 2342 mirum
239 2276 273 2340 in
301 2275 431 2341 modum
463 2276 625 2341 sententia
655 2297 694 2341 ea
730 2276 827 2359 graeci
857 2281 962 2361 poetae
995 2276 1073 2340 mihi
1103 2275 1263 2360 probatur

97 2383 156 2448 hac
179 2383 213 2446 in
236 2387 330 2467 parte

733 2485 846 2576 Οὕνεχ’
872 2487 883 2526 ¹
906 2487 1029 2577 ὕπερθεν

253 2593 345 2658 ἐσθλὰ
367 2617 403 2658 τε
425 2595 478 2658 καὶ
499 2593 539 2657 ταὶ
562 2593 661 2683 χέρεια
685 2592 760 2658 θεῶν
784 2598 815 2658 ἐν
838 2594 962 2684 γούνασι
984 2605 1082 2658 κεῖται

254 2701 342 2787 μυρία
359 2699 372 2738 2
387 2705 426 2773 εἰς
442 2698 473 2762 έν
488 2698 590 2763 πάντα
605 2699 774 2788 μεμιγμένα
788 2699 895 2763 καὶτὰ
911 2699 964 2786 μὲν
981 2700 1060 2772 οὔτις
1088 2717 1091 2722 “

255 2796 393 2894 δέρκεται
416 2804 589 2883 ἀθανάτων,
614 2807 682 2869 ἀλλ’
706 2806 894 2894 ἀπροτίοπτα
916 2804 1061 2868 τέτυκται

254 2912 348 2998 ἀχλυέ
359 2909 496 2994 θεσπεσίῃ
515 2908 527 2948 ³
541 2911 753 2999 κεκαλυμμένα
769 2921 830 2983 τοῖς
846 2899 871 2972 d'
888 2910 936 2973 ἐπὶ
951 2919 1048 2997 χεῖρας

255 3018 300 3087 οἴη
318 3027 405 3104 μοῖρα
420 3015 518 3088 τίθησι
533 3017 584 3078 καὶ
600 3013 660 3104 οὐχ’
677 3013 777 3104 ὁρόωσ’
794 3014 808 3052 4
824 3012 873 3078 ἀπ’
890 3011 1049 3101 Ὀλύμπου

255 3123 283 3194 ἐς
297 3131 387 3210 γαῖαν
403 3122 537 3209 aspolam·
553 3121 594 3184 τα
608 3111 635 3184 d’
652 3111 774 3194 ἄλλυδις
790 3118 801 3158 ⁵
819 3117 898 3183 ἄλλα
913 3118 1053 3210 φέρονται

254 3228 341 3297 avola
366 3231 405 3300 ὡς
427 3226 548 3314 ἀνέμοιο
565 3225 586 3288 ⁶.

182 3331 297 3414 ltaque
322 3330 468 3395 adducar
492 3336 528 3395 ut
550 3337 661 3413 putem
690 3332 770 3396 satis
789 3332 913 3414 justam
936 3350 1067 3396 oausam
1091 3329 1171 3393 mihi
1192 3350 1262 3395 esse

97 3457 206 3519 quare,
227 3436 369 3501 debeant
397 3456 443 3500 eae
470 3435 574 3501 literae
604 3436 683 3501 mihi
710 3436 840 3522 placere
870 3436 1059 3519 hooipsum
1084 3434 1172 3519 quod
1195 3433 1263 3517 pla-

45 3591 47 3597 .
96 3546 179 3606 cent.
224 3531 270 3606 Ut
297 3547 407 3605 tamen
436 3541 519 3606 scias
542 3562 727 3626 quanquam
750 3565 814 3607 non
838 3548 942 3622 recte,
972 3562 1036 3606 non
1060 3546 1169 3605 tamen
1193 3539 1261 3604 sine

96 3647 219 3711 ratione
242 3668 294 3711 me
318 3667 445 3725 errare,
475 3652 554 3730 puto
583 3669 638 3712 vos
662 3668 791 3731 magnos
819 3648 905 3712 viros
933 3647 988 3731 qui
1017 3647 1141 3711 clarum
1172 3645 1262 3709 vobis

97 3751 363 3835 splendidumque
392 3773 431 3815 ex
454 3753 686 3817 illustrioribus
709 3754 825 3818 studiis
849 3753 991 3837 parastis
1013 3772 1138 3830 nomen,
1163 3750 1262 3814 etiam

97 3857 161 3921 sine
191 3856 241 3921 his
274 3856 377 3922 literis
409 3857 504 3921 facile
539 3860 701 3923 rationem
729 3860 803 3924 vitae
838 3865 953 3924 vestrae
986 3879 1081 3941 posse
1114 3855 1261 3920 reddere.

96 3962 170 4040 Quae
195 3962 325 4046 quidem
349 3963 376 4026 si
400 3962 507 4027 desint
530 3963 621 4029 vobis
644 3985 708 4028 uon
730 3985 922 4048 magnopere
948 3961 1188 4041 desiderentur,
1212 3961 1260 4025 siu

95 4069 197 4134 assint
226 4089 301 4133 vero
332 4089 456 4151 magnae
486 4069 575 4134 laudi
604 4053 736 4147 dentur,
768 4070 985 4135 accessionem
1018 4074 1126 4133 tamen
1162 4089 1262 4153 quan·

570 4213 572 4219 ’
671 4236 687 4270 ιι

168 4315 274 4390 1οὖνεχ’
292 4328 312 4371 1
370 4320 569 4390 2μοίρης11ιίε
582 4326 606 4372 4.
664 4319 840 4390 3οεσπεγιῆ4.
890 4316 1003 4390 4ὁρόαυ’
1018 4328 1041 4373 2.
1098 4319 1261 4382 ὅᾶλλυσιςέ.

94 4410 109 4459 6
129 4409 241 4473 Quintus
262 4411 413 4478 Smyrnaeus
432 4411 472 4461 ed.
492 4401 599 4481 Kbchly
618 4410 679 4481 Ispa.
703 4414 777 4475 1850,
797 4411 853 4476 VII,
874 4413 906 4460 70
926 4410 967 4460 bis
987 4415 1027 4469 Π,
