2798 4980
663 281 730 349 216

112 471 173 538 bns
197 468 459 538 adversariorum
484 476 614 538 tuorum
637 469 694 556 qui
728 469 824 537 famae
847 476 913 538 tna
936 471 1084 539 insidiati
1106 477 1178 540 snut
1195 472 1252 541 lile

113 583 174 656 ret,
198 583 235 643 ut
257 578 412 664 quietiori
433 574 551 644 debinc
574 576 682 642 animo
713 582 747 644 et
770 577 849 644 mihi
874 583 909 645 et
930 576 1006 647 aliis
1028 577 1125 666 hujus
1144 579 1189 647 rei
1206 585 1253 648 stu·

114 681 216 750 diosis
238 685 360 750 auxilio
383 690 417 750 et
439 683 574 751 consilio
597 682 713 750 adesse
736 703 848 769 queas.

202 788 285 855 Nam
308 789 396 874 quod
419 790 482 856 scis
506 809 558 855 me
581 788 694 855 similis
717 789 850 855 fortuna
872 789 994 859 multos
1017 813 1121 883 annos¹
1137 793 1255 878 agitarit

113 895 244 982 quando
275 895 400 960 scilicet
431 893 596 961 arabidis
626 893 756 978 indigne
788 894 953 963 laceratus
984 903 1020 964 et
1049 899 1085 964 in
1118 919 1256 966 carcerom

113 1004 279 1088 conjectus
295 1001 355 1067 lui:
379 1000 400 1066 J
402 999 513 1079 udaeis,
535 999 612 1084 quia
627 1020 739 1066 eorum
754 1000 868 1069 literas
884 1002 1063 1084 discebam,
1081 1003 1256 1087 Christianis,

114 1110 192 1194 quia
225 1128 300 1174 cum
322 1106 445 1172 Judaeis
477 1104 713 1186 conversabar,
746 1104 821 1174 odio
854 1109 995 1176 maximo
1019 1130 1118 1177 eram.
1161 1111 1258 1195 (Unum

113 1214 261 1280 hocloco
277 1212 413 1296 excipio,
434 1212 573 1296 primum
593 1212 627 1276 in
642 1210 846 1279 hebraeorum
863 1213 1034 1282 elementis
1049 1222 1258 1301 praeceptorem

114 1342 232 1399 meum,
256 1318 388 1385 Moscho
413 1317 525 1384 Mdllin
548 1339 588 1383 ex
610 1317 868 1404 Weyssenburg,
896 1342 994 1406 quem
1023 1321 1116 1388 nulla
1141 1343 1258 1408 unquam

114 1426 203 1511 apud
227 1447 278 1490 me
302 1423 425 1490 delebit
447 1422 583 1505 oblivio,
614 1424 734 1508 quique
757 1423 846 1490 solus
869 1445 910 1491 ex
932 1426 1019 1492 omni
1041 1425 1177 1511 perfidia
1195 1427 1258 1494 lidus

114 1531 193 1597 mihi
224 1530 309 1615 luit.)
357 1530 518 1616 Utrinque
547 1527 685 1611 insidia,
715 1530 867 1616 utrinque
897 1531 1045 1616 pericula
1067 1537 1103 1600 et
1124 1533 1259 1600 ailadis

116 1637 252 1703 crimina
274 1635 487 1721 parabantur,

204 1743 316 1808 Tantae
340 1741 433 1808 molis
457 1747 530 1808 erat
551 1761 681 1808 moseas
704 1743 716 1781 ¹
738 1762 885 1828 quaerere
908 1744 995 1811 vices
1025 1765 1109 1831 quas
1138 1744 1260 1831 perfecto

116 1855 274 1934 tanquam
306 1846 487 1932 preciosam
517 1848 729 1931 margaritam
759 1870 777 1914 e
807 1848 923 1916 mediis
952 1850 1103 1918 hostibus
1138 1858 1262 1936 ereptam

116 1955 317 2021 abscondere
340 1953 457 2018 merito
482 1952 646 2034 deberem,
670 1961 882 2020 veruntamen
904 1977 977 2021 cum
1000 1957 1035 2022 in
1049 1954 1263 2024 mentemmihi

116 2061 258 2126 venisset
285 2059 457 2125 salvatoris
480 2059 585 2124 nostri
618 2059 784 2140 doctriua,
817 2082 882 2145 qua
912 2069 1024 2129 monet
1050 2064 1208 2130 neminem
1229 2061 1264 2128 lu·

116 2187 246 2232 cernam
271 2164 463 2231 submodio
486 2185 619 2249 ponere,
643 2165 701 2232 sed
725 2187 824 2249 super
845 2165 1090 2250 candelabrem,
1117 2175 1155 2236 ut
1176 2169 1264 2235 luceat

115 2271 274 2351 omnibus,
296 2272 369 2355 cepi
392 2271 580 2337 thesaurum
603 2292 710 2336 meum
734 2271 825 2358 (licet
840 2271 1004 2360 exiguum)
1020 2274 1088 2343 late
1105 2273 1264 2342 diffundere

115 2377 335 2461 magisterque
369 2377 476 2443 factus
510 2398 581 2444 sum
613 2385 789 2463 antequam
820 2377 924 2445 bonus
956 2400 1062 2445 essem
1096 2380 1265 2466 discipulus.

117 2481 183 2550 Sed
206 2481 284 2567 quid
308 2503 372 2547 non
398 2482 516 2549 suadet
539 2485 688 2567 egestas?
732 2483 887 2550 Nonnihil
909 2490 1018 2550 tamen
1042 2484 1266 2553 commoditatis

116 2588 228 2655 attulit
244 2589 357 2655 sedula
372 2611 445 2655 mea
461 2589 637 2675 diligentia,
660 2595 762 2655 testes
777 2589 854 2655 mihi
872 2597 947 2656 sunt
962 2592 1017 2675 qui
1033 2613 1086 2658 me
1102 2592 1266 2670 audieruut,

118 2694 298 2781 exquibus
329 2716 452 2781 paucos
482 2716 655 2762 numerare
681 2697 776 2781 juvat
803 2703 841 2761 ut
868 2702 902 2760 et
924 2695 980 2762 alii
1002 2695 1121 2764 horum
1143 2699 1267 2765 virorum

117 2802 296 2869 autoritate
319 2801 400 2867 moti
422 2806 490 2867 tam
514 2807 645 2867 sanctas
668 2801 781 2869 literas
805 2802 974 2868 addiscere
997 2803 1140 2888 cupiant.
1187 2801 1270 2889 Audi

116 2913 207 2975 tores
239 2909 338 2993 igitur
368 2907 433 2973 mei
465 2907 597 2973 fuerunt
620 2906 745 2993 Caspar
777 2909 924 2988 Amman,
956 2907 1129 2992 theologiae
1162 2910 1268 2987 doctor,

118 3014 325 3100 provincialis
349 3013 472 3080 ordinis
497 3012 563 3079 divi
586 3014 774 3099 Augustini,
804 3015 856 3081 cui
885 3022 1006 3100 praeter
1034 3014 1094 3082 has
1117 3015 1269 3082 literasin

117 3120 180 3187 bac
194 3121 450 3205 ingravescente,
476 3125 574 3185 aetate
597 3119 679 3185 nihil
701 3126 751 3186 est
776 3120 903 3202 solatia,
924 3143 988 3207 qno
1005 3121 1146 3207 denique
1168 3121 1269 3189 merito

116 3226 251 3312 gloriari
274 3225 371 3305 solio,
403 3227 644 3292 exactissimam
677 3226 762 3291 enim
785 3225 933 3310 psalterii
955 3247 1073 3292 novam
1097 3229 1196 3294 etiam
1218 3232 1270 3293 tra

117 3332 290 3399 ductonem
304 3331 495 3416 propediem
510 3331 651 3417 posteris
672 3331 841 3398 mandabit
857 3332 886 3413 ²;
919 3331 1134 3399 Sebastianus
1150 3332 1271 3418 Sprentr

116 3438 231 3505 doctor
254 3438 448 3522 praepositus
471 3438 672 3504 Brixinensis
695 3438 722 3518 3;
744 3439 903 3504 Heuricus
926 3437 967 3504 de
991 3438 1056 3505 Sax
1079 3438 1177 3520 baro,
1204 3457 1271 3524 pra

116 3543 243 3630 positus
260 3543 404 3609 ecclesiae
417 3543 527 3610 Sancti
549 3544 638 3609 Petri
653 3543 802 3625 Basileae,
820 3543 1001 3610 Canonicus
1016 3542 1271 3621 constantiensis,

115 3650 259 3718 loannes
292 3648 443 3735 Schlupf,
476 3650 591 3716 doctor
624 3649 812 3734 theologiae,
847 3649 1056 3734 Wollgangus
1084 3648 1272 3716 Schwaraen·

117 3757 241 3826 stainer
279 3756 364 3843 juris
396 3757 565 3842 utriusque
600 3755 728 3836 doctor,
774 3755 916 3823 loannes
948 3755 1068 3822 Eckius
1106 3761 1218 3823 orator
1245 3759 1272 3820 et

693 3935 712 3976 *

189 4069 202 4114 1
223 4065 254 4115 In
266 4063 363 4115 molis.
379 4077 500 4114 .moseaa
518 4060 561 4113 ein
575 4060 707 4129 wortspiel
726 4059 775 4112 mit
793 4060 901 4112 Moscha
913 4059 1017 4112 Mbllin.
1089 4065 1105 4112 2
1125 4062 1186 4130 Vgl.
1203 4067 1275 4114 untm

113 4151 169 4202 und
187 4151 256 4204 stud.
275 4152 300 4203 d.
319 4151 390 4203 hebr.
410 4167 463 4219 spr.
482 4167 503 4202 s.
525 4152 568 4213 50,
587 4152 630 4201 89.
703 4153 718 4200 3
738 4150 764 4201 S.
784 4149 851 4200 oben
870 4166 927 4200 nro.
947 4149 1022 4200 CLX.
1059 4135 1131 4201 liber
1155 4150 1197 4201 dis
1214 4149 1275 4202 iubri-

115 4255 166 4305 gen
179 4244 287 4289 mltnnsr
304 4240 339 4290 ist
357 4240 407 4289 mir
425 4239 499 4290 nicht
518 4238 571 4290 viel
588 4239 713 4290 bekannt.
751 4238 805 4288 Fiir
821 4237 884 4289 Joh.
901 4238 958 4288 Eck
976 4239 1076 4304 geniigt
1103 4255 1143 4302 es,
1168 4239 1217 4289 auf
1236 4237 1276 4288 das

113 4325 186 4376 werla
205 4342 257 4375 von
276 4327 447 4378 Wisdsmann
467 4328 650 4395 (Regensburg
672 4329 752 4392 1865)
771 4344 805 4377 au
823 4326 979 4389 verweisen3
999 4325 1064 4377 iiber
1082 4327 1277 4378 Bartholomdns

117 4413 198 4465 Oltsar
216 4413 269 4480 vgl.
288 4415 358 4464 stud.
376 4413 401 4466 d.
419 4415 491 4467 hebr.
510 4432 562 4482 spr.
581 4432 602 4467 s.
623 4419 655 4467 31
676 4415 722 4484 fg,
743 4417 776 4468 93
796 4416 831 4483 lg.
