2580 4178
621 66 688 132 293

67 222 258 341 eopbontas,
280 276 384 342 usque
412 255 471 322 ad
481 254 642 323 medullas
664 255 851 323 Leodiensis
873 254 1046 342 episeopus
1079 231 1239 324 Gallicum

67 354 243 446 explicavit
275 361 413 442 nodum,
442 362 615 447 adjunctus
638 360 936 446 Burgundionibus,
965 381 1054 448 quae
1067 383 1121 430 reo
1143 354 1238 431 facile

67 464 189 533 ellieiet
218 473 257 531 ut
284 465 378 532 nobis
400 488 529 553 quoque
553 467 710 547 socedat,
722 468 842 552 possim
872 467 995 553 aliquid
1026 467 1114 552 apud
1137 468 1238 534 illum.

66 572 149 641 Cum
171 570 320 637 venoris¹
342 570 386 637 ad
409 593 485 653 uos,
508 571 630 638 eurabe
655 578 692 638 ut
714 573 821 639 omnia
843 596 902 659 pro
926 574 1009 639 rotis
1032 575 1168 666 nostris,
1193 574 1238 640 nil

65 676 247 763 tibiaque
274 674 457 743 ooudnoere
488 684 600 763 posset
632 698 730 763 quem
760 699 796 745 os
821 670 977 764 principis
1004 679 1103 746 lavor.
1139 668 1236 747 'Bene

65 782 149 849 vale.
172 782 323 849 Colonia.

104 904 376 971 .G:odruekt-
333 909 418 968 ···..J
448 927 476 968 r.
500 925 529 967 e.
552 913 574 969 t.
599 903 637 970 3¹)
660 908 750 971 bist.
775 912 827 984 4⁸3
856 884 976 986 (euros
1001 926 1055 976 nur
1077 911 1233 972 thebusisa

62 958 201 1074 influit.
216 1030 285 1089 opp.
308 1013 355 1074 ed.
380 1013 604 1090 Beelriussl,s.
580 1015 693 1073 s148
716 1011 759 1090 l.)
1220 1045 1225 1053 ·

563 1299 566 1304 ·
587 1278 706 1349 GGLV.
1131 1355 1134 1360 ,

135 1368 213 1421 corn.
290 1424 297 1439 Ι
632 1380 635 1385 ·
828 1390 831 1395 ·
967 1369 1075 1420 ‘unse
1094 1371 1211 1436 (rore).-

183 1456 421 1533 Hermannus
448 1453 570 1532 eomes
597 1456 808 1533 Nuenarius
835 1483 884 1531 an
913 1457 1107 1532 Renehlin.
1168 1465 1170 1468 ’

90 1648 105 1707 ῥ
130 1621 315 1706 .Heltigste
358 1621 574 1707 widerlegung
609 1622 667 1687 der
705 1621 1025 1688 Hoohstratensohen
1070 1621 1230 1706 apologia,

60 1748 122 1793 aus
153 1726 212 1793 der
240 1726 321 1792 riele
352 1724 493 1793 einzelne
526 1727 642 1795 stellen
665 1727 854 1813 angelribrt,
886 1733 1065 1812 verspottet
1088 1726 1154 1792 und
1178 1727 1232 1792 be·

60 1822 192 1917 kimplt
226 1831 362 1918 werden.
416 1833 538 1898 Ausser
559 1831 730 1898 ·Renoblin
772 1832 899 1898 werden
929 1830 1110 1897 besonders
1140 1831 1230 1896 Pirk-

59 1936 200 2018 heimer,
233 1937 391 2022 Georgius
414 1939 589 2023 Benignus,
623 1938 742 2004 Martin
766 1937 910 2019 Groning
940 1936 1136 2025 vertlreidigt
1165 1936 1231 2002 und

58 2042 171 2127 gelebt
187 2043 209 2108 ².
254 2044 314 2107 Am
334 2042 463 2110 -sehluss
487 2042 589 2110 heisst
612 2037 662 2110 es:
693 2044 722 2110 si
744 2044 829 2108 enim
859 2041 972 2128 (nami.
996 2041 1228 2125 Hoehstraten)

58 2169 162 2220 sacrae
185 2168 320 2233 poeseos
344 2149 461 2214 merita
484 2149 612 2233 ignorat
635 2149 663 2215 si
686 2170 779 2214 veros
803 2148 970 2232 theologos
986 2148 1087 2232 ipsius
1110 2170 1231 2232 praeco·

57 2255 114 2321 nia
145 2254 277 2338 seriptis
309 2253 521 2335 extollentes,
553 2276 617 2320 nou
641 2254 738 2337 legit,
770 2264 828 2319 aut
852 2253 983 2333 didicit,
1016 2253 1229 2339 quodiaralde

57 2359 210 2445 equidem
236 2358 443 2440 crediderim,
464 2360 643 2444 perlustret
666 2358 787 2424 vallum
804 2358 935 2424 Busohii
953 2359 966 2399 ³
986 2359 1045 2423 viri
1067 2357 1231 2451 undequa-¹

56 2486 121 2551 que
138 2464 343 2544 ornatissimi,
367 2470 405 2530 ut
427 2464 559 2530 tandem
572 2486 670 2530 senex
687 2465 794 2530 faetus
818 2464 931 2543 discat,
955 2485 1027 2548 quae
1042 2485 1124 2548 puer
1148 2464 1230 2528 scire

56 2569 226 2651 debuerat,
250 2576 319 2634 tum
343 2569 501 2636 fatebitur
528 2569 679 2654 injuriam
708 2571 771 2636 sibi
801 2571 922 2636 factam
954 2569 1039 2653 qnod
1064 2568 1230 2653 hueusque

56 2674 226 2759 theologus
250 2676 293 2741 sit
315 2675 455 2755 habitur,
480 2677 535 2761 qui
558 2699 597 2742 ea
618 2678 748 2762 ignoret
771 2698 842 2761 qnae
867 2677 907 2760 sle
930 2676 992 2741 hae
1017 2697 1053 2740 re
1077 2676 1229 2741 certatim

55 2802 77 2846 a
100 2781 312 2865 sanctissimis
336 2782 412 2847 viris
435 2784 598 2848 memoriae
626 2784 853 2849 commendata
877 2790 961 2848 sunt.
1008 2783 1050 2847 Et
1073 2780 1114 2846 de
1139 2781 1230 2864 ungis

55 2885 125 2950 haee
150 2886 279 2970 quidem
304 2888 451 2970 paucula.
484 2889 549 2953 Nos
574 2911 649 2954 vero
673 2888 803 2954 interim
820 2888 936 2954 studiis
952 2887 1071 2953 nostris
1095 2907 1229 2971 operam

55 2991 179 3072 demus,
203 2998 236 3056 et
259 3015 355 3076 quarn
380 2993 492 3059 ludere
508 2994 683 3079 aliquando
700 2995 823 3074 libebit,
847 2993 948 3059 babes
967 2995 1037 3078 jam
1060 3014 1230 3076 argumen-

54 3102 136 3176 tum,
159 3104 272 3182 quote
297 3121 446 3165 exercere
463 3101 578 3184 possis,
603 3102 702 3167 etiam
720 3123 822 3186 usque
839 3101 1007 3166 adnisum.
1039 3099 1127 3179 Vale,
1144 3120 1229 3164 oom-

54 3204 161 3275 munis
177 3204 299 3287 patriae
324 3213 557 3271 ornamentum.
604 3208 646 3271 Et
669 3229 719 3273 me
744 3229 838 3292 quem
864 3227 953 3272 amas
977 3206 1029 3272 fae
1052 3203 1229 3289 impensius

55 3314 94 3375 ut
117 3330 207 3375 ames
232 3310 379 3376 Coloniae.
410 3311 571 3377 Galendas
595 3311 709 3395 Majas.

636 3459 653 3497 3
722 3468 725 3473 .

132 3566 141 3610 l
163 3562 229 3611 Cum
250 3564 352 3612 veneris
377 3563 408 3612 ad
436 3565 492 3630 nos]
519 3563 586 3613 naeb
612 3565 697 3613 dieser
722 3565 773 3614 und
795 3565 867 3613 einer
887 3565 921 3614 im
943 3564 1026 3614 brieio
1047 3562 1092 3612 des
1112 3563 1229 3612 Thomas

53 3647 191 3700 Truelrsell
210 3668 269 3700 voni
289 3656 318 3700 21
340 3651 400 3702 ern.
419 3654 484 3701 1518
505 3653 560 3702 sielr
576 3653 714 3702 findenrlen
729 3654 814 3713 stelle,
835 3654 860 3701 in
881 3651 927 3701 der
945 3653 1030 3701 dieser
1049 3652 1104 3700 ihm
1123 3650 1231 3714 freond-⁴

54 3739 126 3789 liobe
145 3740 285 3790 uusnabrne
305 3741 449 3802 zusiolrert,
475 3758 547 3790 n'enn
570 3758 596 3790 er
616 3758 647 3790 nn
668 3742 720 3790 ilnn
742 3743 828 3803 kilino,
849 3739 1100 3805 selreintlleuelrlin
1122 3739 1164 3789 die
1184 3741 1229 3791 ub·

52 3828 124 3877 sleht
142 3828 240 3893 gelrabt
261 3845 292 3878 zu
313 3831 408 3892 baben,
428 3831 469 3879 dio
483 3830 706 3896 Rbeingegenden
728 3846 757 3878 zu
779 3828 925 3891 besuchen;
945 3827 1013 3878 doch
1033 3829 1066 3876 ist
1086 3844 1136 3877 ron
1157 3829 1229 3878 einer

52 3915 221 3982 nusfiihrnng
240 3917 285 3966 des
304 3919 395 3984 plnnes
420 3919 507 3968 nielrts
533 3919 656 3968 bekannt.
732 3924 745 3969 2
772 3902 844 3967 llber
863 3917 912 3967 den
938 3917 1004 3966 briei
1025 3916 1077 3982 rgl.
1098 3916 1227 3968 Reuchliu

52 4022 73 4055 s.
93 4010 146 4057 tlt
166 4006 203 4071 fg.
276 4009 290 4054 3
314 4007 460 4058 Hermanno
482 4008 580 4057 Buselr:
606 4008 706 4057 vallum
728 4007 899 4056 humanitatis
922 4008 1002 4066 1518,
1029 4005 1072 4055 dle
1090 4004 1228 4060 beriilrmte

50 4092 365 4161 verrheidigungssehrift
392 4097 437 4148 der
468 4096 690 4153 humaniorisolren
725 4095 828 4149 studien
858 4111 943 4164 gagen
977 4095 1019 4146 die
1047 4097 1159 4162 angi-ifle
1184 4097 1229 4149 der
