2798 4980
663 329 728 394 323

620 635 769 701 coxon.

177 723 340 790 rugorauu.
1017 729 1047 775 12
1069 724 1142 790 apra
1166 726 1242 776 raro.

104 811 248 887 Johan.
279 811 464 887 Reuchlin
492 811 721 909 Phorcensis,
752 813 826 887 LL.
848 814 995 908 Doctor,
1024 812 1191 888 ,Iohanni
1210 811 1275 888 Se-

255 936 363 1032 oeri0,
393 934 612 1030 Lauohensi,
643 936 762 1010 amico
790 962 943 1036 syncero
971 963 998 1009 s.
1029 936 1064 1010 d.
1094 964 1129 1036 p.

201 1082 287 1167 Opto
311 1088 344 1148 te
368 1082 510 1166 gaudere
534 1103 572 1147 ac
596 1103 666 1148 esse
683 1083 816 1162 salvum,
840 1082 943 1148 amice
966 1083 1107 1148 omnium
1126 1082 1203 1147 mihi
1219 1081 1274 1147 de·

106 1187 362 1271 syderatissime‚
386 1208 486 1272 supra
509 1209 608 1271 qnam
631 1188 740 1254 Oresti
763 1187 910 1272 Pylades,
936 1188 1063 1254 Secarie
1086 1188 1131 1252 mi
1153 1187 1270 1266 anime,

108 1314 208 1378 qnam
235 1299 344 1359 tecum
378 1293 493 1359 vellem
517 1291 679 1373 habitare,
711 1293 878 1359 convivere
910 1294 1058 1378 colloqui.
1105 1293 1156 1358 Me
1186 1312 1270 1357 nnnc

109 1396 225 1479 ferres,
248 1398 401 1478 arbitror,
424 1405 554 1465 mortua
569 1419 670 1464 uxore
693 1404 751 1464 tna
775 1398 912 1480 facilins,
936 1400 1029 1465 frena
1044 1398 1105 1464 tibi
1128 1419 1191 1463 non
1214 1397 1272 1462 inr-

107 1524 274 1587 pouarem,
298 1503 463 1570 lasciviam
493 1526 557 1571 non
581 1505 784 1588 corrigerem,
819 1504 904 1570 alter
927 1526 1024 1589 apum
1047 1525 1105 1569 rex
1128 1522 1273 1570 carerem

109 1607 198 1673 omni
221 1608 343 1689 aculeo,
368 1609 471 1676 dulcis
487 1609 547 1676 tibi
571 1617 605 1677 et
619 1610 759 1677 blandus
775 1631 888 1690 essem,
912 1609 1041 1695 quando
1065 1608 1274 1683 liberseoon-

109 1713 243 1780 ditionis
263 1716 274 1753 ¹
296 1736 335 1781 ac
358 1721 434 1781 tuns
462 1716 604 1782 evasisti.
650 1715 714 1780 Sed
746 1715 809 1781 beu
841 1715 902 1782 ohe
930 1716 1075 1794 Bacenae,
1103 1715 1274 1798 sejugum

107 1818 306 1904 hercynium,
330 1821 461 1887 Rhenus
485 1828 518 1886 et
541 1822 627 1888 Ister
650 1842 708 1886 nos
731 1826 894 1904 separant.
933 1820 1085 1904 Magnum
1109 1818 1207 1884 chaos
1229 1817 1278 1882 in-

107 1929 159 1990 ter
181 1930 355 2011 utrunque.
402 1925 503 2009 Spero
527 1932 645 2006 tamen,
678 1926 764 2010 quod
792 1945 884 1991 amor
906 1924 961 1990 ille
985 1930 1096 1990 noster
1120 1929 1275 2009 quotam

108 2028 318 2096 vehementer
349 2029 514 2116 hucusque
539 2031 709 2098 dileximus
736 2031 823 2096 inter
850 2052 909 2095 nos
936 2035 1127 2114 permaneat
1149 2029 1276 2112 insepa-

110 2134 238 2201 rabilis.

200 2240 264 2306 Sed
287 2240 375 2326 quod
398 2242 439 2306 ad
463 2263 532 2307 rem
554 2248 747 2326 praesentem
775 2242 902 2308 attinet.
949 2242 1028 2326 ani
1050 2245 1186 2326 pestem,
1208 2239 1278 2324 fugi

109 2345 253 2431 gladium
270 2347 291 2425 ²,
315 2353 349 2412 et
372 2347 447 2414 dnm
465 2348 578 2413 caelum
595 2347 694 2427 saevit,
719 2347 947 2413 elementarius
963 2369 1062 2412 senex
1085 2345 1197 2412 literas
1213 2346 1277 2411 An·

109 2450 229 2536 glopoli
260 2451 360 2518 doceo
384 2474 445 2521 non
475 2459 512 2517 nt
536 2453 652 2519 Sicilia
682 2455 832 2538 princeps
864 2453 934 2533 ille,
958 2474 1053 2537 quem
1076 2453 1185 2537 inopia
1209 2451 1274 2536 egit

110 2556 315 2637 Corinthum,
346 2565 385 2623 ut
415 2559 535 2643 pueris*
552 2559 741 2644 quotidiana
771 2557 919 2624 mercede
952 2557 1101 2623 literulas
1124 2557 1278 2623 traderet.

110 2662 178 2746 Ego
203 2663 287 2727 enim
311 2685 371 2728 nec
395 2663 517 2744 amicis,
534 2685 638 2749 neque
662 2686 697 2729 re
713 2663 876 2744 familiari,
893 2685 952 2728 nec
967 2663 1076 2747 patria
1098 2682 1203 2741 careo,
1220 2660 1277 2727 sed

109 2768 287 2833 amicorum
310 2790 455 2834 meorum
479 2769 625 2852 catalogo
658 2768 691 2832 in
716 2768 784 2833 dies
809 2790 976 2833 nnmerum
999 2766 1158 2832 infinitum
1182 2763 1276 2830 addo.

111 2872 316 2939 Auditorium
351 2872 503 2959 frequens
534 2875 603 2940 colo
628 2895 812 2959 exornoqne
842 2871 988 2957 diligenti
1019 2893 1092 2937 mea
1114 2871 1273 2949 doctrina,

109 2980 248 3045 audiunt
277 3000 329 3045 me
362 2979 510 3064 discipuli
545 3001 646 3064 prope
677 2978 904 3064 quadringenti
927 2977 1071 3062 qnotidie
1095 2997 1197 3061 graece
1222 2972 1277 3040 do·

109 3092 237 3151 centem
262 3090 295 3150 et
318 3083 479 3162 hebraice,
496 3107 555 3151 nec
579 3107 679 3170 opera
695 3105 768 3149 mea
784 3085 877 3163 desit,
901 3103 959 3148 nec
982 3082 1110 3148 illorum
1127 3080 1275 3148 attentio.

109 3191 219 3270 Quare
242 3190 336 3256 mitto
360 3189 491 3256 Thomae
514 3199 625 3258 nostro
641 3189 888 3274 Xenophontem
911 3191 944 3254 in
968 3188 1072 3254 tribus
1096 3185 1273 3272 opusculis:

109 3297 142 3361 iu
174 3295 334 3380 apologia,
362 3298 395 3361 in
424 3296 572 3380 Agesilao
606 3303 640 3362 et
673 3297 707 3361 in
738 3297 888 3375 Hierone,
920 3302 958 3361 ut
981 3303 1017 3360 tu
1041 3293 1279 3378 quamprimum

109 3400 306 3486 posthabitis
330 3402 428 3468 rebus
452 3403 599 3469 omnibus
623 3423 695 3467 eum
712 3423 814 3485 graece
830 3422 987 3487 perquam
1011 3398 1183 3484 diligenter
1205 3418 1280 3464 con·

110 3507 222 3572 cinnes
246 3512 280 3572 et
301 3507 442 3592 imprimi
464 3508 576 3574 facias.

200 3612 272 3677 Erit
302 3613 448 3696 proiecto
480 3612 612 3679 lectioni
640 3614 759 3679 nostrae
794 3612 1071 3678 commodissimus
1102 3608 1280 3693 Xenophon

109 3724 144 3784 et
166 3717 305 3783 multum
322 3718 435 3784 honori
458 3719 636 3798 conferens,
660 3719 779 3804 quippe
795 3718 948 3784 laudatus
971 3716 1146 3801 plurimum
1169 3736 1190 3778 a
1212 3713 1280 3779 lau-

109 3823 195 3888 datis
219 3823 304 3889 viris.
352 3823 450 3908 Cujus
475 3846 580 3905 sermo
604 3831 654 3890 est
677 3824 731 3889 ille
756 3822 886 3907 quidem
909 3821 1004 3886 melle
1029 3821 1164 3900 dulcior,
1187 3819 1280 3885 utin

109 3931 249 3996 Oratore
273 3951 331 3996 suo
362 3931 405 3995 ad
429 3931 565 3997 Brutum
597 3931 728 4014 scripsit
752 3928 895 3994 Cicero³
918 3926 1177 4011 aXenophontis
1201 3944 1277 3992 voce

111 4035 222 4100 Musas
247 4036 341 4119 qnasi
371 4035 525 4120 loquutas
557 4035 675 4103 ferunt.
722 4036 770 4100 De
799 4055 863 4118 quo
890 4032 1106 4099 institutionis
1130 4031 1281 4097 oratoriae

109 4141 196 4206 libro
225 4139 349 4207 decimo
380 4141 628 4220 Quintihanus⁴
650 4143 697 4208 sic
720 4141 784 4206 ait:
820 4139 921 4221 „Quid
952 4159 1010 4223 ego
1034 4156 1281 4203 commemorem

664 4270 682 4310 ³1²

185 4367 196 4411 1
218 4359 399 4412 condictionis
417 4367 437 4414 l.
512 4366 526 4412 2
546 4361 606 4428 Vgl.
621 4360 687 4413 oben
702 4375 757 4412 nro.
771 4359 947 4412 CCLXXXV.
1021 4360 1035 4407 3
1050 4357 1107 4409 Lib.
1121 4359 1153 4421 II,
1167 4374 1223 4425 cup.
1242 4364 1282 4408 14.

107 4449 206 4504 rnna.
226 4451 258 4516 x,
283 4456 303 4516 r,
322 4452 365 4501 aa.

997 4519 1063 4581 21l
