2798 4980
666 326 733 394 220

116 512 164 583 eis
187 513 431 596 adherentium,
455 515 556 582 totins
580 515 704 599 negocii
727 515 867 584 ocularis
890 517 1015 602 speculi
1034 518 1132 585 alium
1142 517 1256 605 judicem

115 621 253 702 dederit,
276 621 488 688 reverendum
512 622 636 688 scilicet
659 623 844 707 episcopum
861 622 1050 708 Spirensem
1069 626 1090 688 ¹.
1130 625 1170 690 Et
1188 624 1257 690 simul

117 729 276 794 sanctitas
300 748 368 808 sua,
400 749 515 793 manus
539 749 714 812 apponens,
745 729 940 813 perhibuit¹
971 729 1120 796 omnibus
1141 727 1258 814 personis

116 840 152 899 et
169 832 334 918 judicibus
358 833 430 900 aliis
454 834 718 919 quibuscunque,
750 836 847 899 etiam
872 833 933 900 sub
955 835 1102 900 censuris
1124 856 1163 901 ne
1184 856 1213 901 se
1230 834 1258 900 de

117 939 240 1007 oculari
253 939 390 1024 Speculo
414 940 679 1021 intromitterent,
703 941 779 1025 quiu
803 942 901 1006 immo
925 939 953 1006 si
977 940 1031 1024 qui
1054 946 1202 1024 putarent
1219 939 1260 1005 ali·

118 1067 183 1131 quo
206 1045 302 1113 modo
325 1067 385 1112 sua
407 1046 582 1126 interesse,
605 1046 668 1130 ipsi
689 1067 798 1111 coram
822 1044 1002 1130 apostolico
1030 1045 1142 1130 judice
1163 1066 1260 1130 prauo

116 1152 240 1218 minato
263 1172 395 1217 causam
419 1173 511 1217 suam
534 1158 669 1236 agerent
686 1151 707 1217 ³.
739 1152 844 1231 Quam
867 1151 1129 1217 commissionem
1151 1150 1258 1217 Romani

114 1255 280 1323 Pontificis
313 1264 346 1322 et
377 1257 602 1324 inhibitionem
636 1256 790 1341 ejusdem,
823 1255 1010 1324 reverendis
1034 1242 1260 1341 paternitatibus

115 1363 233 1428 uestris
256 1362 308 1428 hic
333 1363 427 1428 mitto
452 1363 658 1446 descriptam.

205 1469 361 1553 Utrisque
384 1490 460 1535 sero
484 1468 577 1534 nobis
600 1467 750 1552 partibus
773 1467 913 1533 termino
934 1487 955 1532 s
966 1466 1080 1552 judice
1096 1465 1260 1552 assignato⁴

115 1572 159 1639 ad
183 1573 402 1653 libellaudum,
439 1595 476 1639 eo
510 1572 597 1659 quod
627 1595 731 1639 essem
754 1578 833 1639 tunc
856 1594 935 1639 reus
958 1574 1152 1657 originarius
1174 1591 1260 1656 expuo

113 1680 181 1746 tasi
203 1687 241 1744 ut
264 1679 419 1759 decebat,
443 1679 544 1746 donec
567 1685 644 1745 ante
667 1679 815 1744 viderem
833 1679 1034 1744 accusatoris
1058 1679 1124 1745 mei
1142 1677 1260 1744 libellum

115 1787 375 1866 accusatorium,
408 1786 554 1870 siquem
578 1785 774 1868 produceret
797 1805 906 1849 coram
924 1783 1061 1869 judice,
1094 1806 1152 1850 sen
1177 1782 1261 1868 potius

115 1892 357 1977 reproduceret.
403 1889 486 1955 Nam
508 1891 681 1975 inquisitor
697 1891 787 1974 prius
804 1896 917 1954 contra
934 1889 1066 1956 oculare
1083 1889 1234 1974 speculum
1246 1884 1261 1966 ⁵,

116 1999 149 2063 in
176 1997 299 2082 judicio
331 1997 520 2081 Maguntino
547 1997 560 2036 ⁶
593 1997 705 2080 primae
739 1995 903 2061 instantiae
938 1993 1091 2060 libellum
1127 1993 1262 2081 quendum

114 2103 381 2169 accusatorium²
416 2124 467 2167 me
502 2103 545 2167 ad
577 2101 637 2168 hoc
671 2101 813 2185 legitime
848 2121 913 2165 nou
936 2100 1038 2166 citato
1061 2103 1262 2186 proposuerat

115 2209 259 2293 Cumque
283 2207 454 2273 adversum
478 2229 529 2273 me
552 2228 629 2292 pars
653 2206 790 2272 adversa
812 2204 961 2271 libellare
985 2205 1166 2291 negligeret
1186 2211 1264 2290 atque

113 2315 211 2398 plane
234 2312 351 2393 nollet,
381 2334 440 2396 ego
471 2315 542 2398 ipse
565 2314 684 2379 virtute
709 2312 874 2378 citationis
897 2318 1013 2378 contra
1036 2312 1152 2380 ambas
1174 2317 1263 2397 partes

9 2445 17 2463 .
116 2419 207 2505 prius
231 2425 390 2485 emanatae
420 2421 503 2503 coepi
526 2419 673 2485 libellum
696 2440 803 2484 meum
827 2440 886 2503 per
908 2424 1156 2502 procuratorem
1177 2435 1263 2484 coram

109 2525 221 2612 judice
243 2525 392 2609 prodere.
440 2526 536 2591 Mitto
559 2531 669 2590 autem
700 2523 956 2609 paternitatibus
979 2523 1099 2590 vestris
1122 2522 1263 2599 articulos,

115 2653 212 2715 snper
235 2630 353 2715 quibus
376 2630 461 2695 idem
485 2631 614 2696 libellus
638 2649 729 2696 meus
752 2652 812 2715 per
835 2635 1084 2715 procuratorem
1109 2627 1264 2695 secundun

116 2737 236 2823 stylum
259 2737 364 2803 Curiae
400 2740 597 2821 compositus
632 2743 666 2802 et
696 2743 831 2802 ornatus
855 2734 985 2800 extat&
1031 2734 1119 2800 Nam
1141 2733 1263 2802 libellum

114 2844 220 2929 ipsum
252 2842 396 2909 formalit
382 2849 431 2908 ter
465 2843 535 2926 posi
538 2850 606 2908 tum
639 2844 673 2907 in
705 2843 788 2909 actis
824 2843 926 2907 insert
926 2863 981 2907 um
1011 2841 1119 2907 adhuc
1142 2840 1222 2925 apud
1238 2858 1263 2903 ss

112 2950 259 3015 notarius
295 2970 399 3015 causae
423 2948 531 3027 habet,
510 2957 659 3033 tquem
685 2948 788 3014 libent
775 2955 825 3014 ter
854 2949 924 3032 jam
950 2947 1111 3059 misissem
1135 2943 1263 3032 utique⁹,

115 3056 143 3121 si
166 3077 225 3139 per
249 3055 310 3120 hoc
329 3056 356 3094 ¹⁰
379 3062 507 3138 tempus
530 3077 572 3139 po
574 3056 716 3120 tuisscm.

207 3161 332 3226 Servat
309 3168 351 3226 trs
375 3161 485 3246 itaque
510 3159 695 3225 omnibust
681 3160 828 3224 terminis
851 3159 885 3224 in
908 3165 981 3224 rota
1004 3160 1159 3226 Romanae
1180 3157 1265 3225 Curia

116 3267 239 3332 servari
274 3267 389 3346 solitis,
423 3265 757 3350 praedicatoribusque
789 3287 849 3350 pro
884 3265 999 3348 majori
1033 3271 1130 3349 parte
1160 3281 1266 3348 semper

113 3370 341 3436 assistentibus
357 3371 490 3436 taudem
506 3377 657 3436 emanata
673 3371 828 3440 citatione
845 3369 887 3435 ad
902 3369 1104 3435 audiendum
1116 3372 1143 3410 ¹¹
1159 3376 1267 3436 senten·

115 3476 196 3540 tiam
228 3497 287 3558 ego
311 3477 350 3541 de
375 3478 481 3560 gratia
505 3478 557 3543 dei
581 3483 614 3542 et
639 3477 773 3560 justicia
808 3474 1029 3559 triumphante
1060 3476 1186 3542 obtinui
1207 3473 1267 3540 diffi-

115 3580 259 3662 nitivam,
281 3588 319 3647 ut
339 3584 373 3647 in
397 3582 459 3648 hac
481 3583 652 3648 sententia
675 3582 790 3647 charta
814 3582 939 3661 videtis,
970 3603 1069 3666 quam
1092 3583 1191 3649 etiam
1210 3599 1268 3666 por·

115 3687 186 3773 rigo
205 3687 240 3753 ¹².
287 3687 411 3755 Deinde
436 3711 507 3755 oum
532 3689 646 3755 eadem
678 3687 1069 3754 sententia-transivisset
1092 3689 1126 3753 in
1149 3710 1215 3755 rem
1229 3686 1267 3770 jn·

677 3832 696 3866 lt

189 3924 197 3968 1
220 3917 275 3968 Das
300 3916 415 3984 geschah
441 3916 524 3968 durch
549 3918 710 3985 p‘apstliches
734 3917 812 3967 breve
836 3933 897 3966 vom
917 3920 947 3966 21
969 3917 1036 3967 Nor.
1059 3919 1136 3968 1513.
1207 3913 1268 3964 tlu-

112 4006 200 4058 hibuit
224 4010 249 4057 2.
280 4011 304 4058 3.
378 4011 393 4057 3
415 4005 597 4057 Vermuthlich
627 4005 668 4055 dle
700 4005 819 4056 urkuudc
850 4003 895 4055 des
928 4005 1044 4070 Speieuer
1075 4005 1193 4055 bischele
1220 4015 1268 4050 vom

114 4095 216 4145 20Doc.
233 4096 310 4145 1513.
353 4092 938 4159 laadan.15143vg1.1teuchline.299.
976 4090 1269 4158 aueumhinnugettgt

113 4185 137 4230 2.
158 4185 181 4231 3.
255 4182 448 4248 omoguutino
469 4187 493 4232 2.
513 4185 537 4233 3.
612 4186 625 4229 7
646 4181 817 4248 Abgedruclrt
834 4181 863 4231 in
882 4180 933 4230 den
958 4187 1017 4232 acta
1040 4179 1202 4244 judiciorum
1222 4177 1268 4229 lt

112 4266 153 4317 bis
172 4268 201 4316 B.
275 4269 370 4334 avgl.
384 4268 520 4333 Reuchlin,
541 4285 562 4321 s.
576 4273 627 4320 300
647 4272 682 4335 fg.
757 4269 887 4334 9Utique
906 4268 1004 4335 ausgel.
1024 4273 1047 4318 2.
1073 4272 1098 4319 3.
1176 4271 1206 4318 10
1223 4265 1269 4316 Hoc

112 4355 280 4420 suegelassen
300 4360 323 4406 2.
345 4360 368 4406 3.
444 4362 473 4409 11
494 4357 658 4410 Audiendum
681 4362 704 4409 2.
726 4362 750 4410 3.
826 4361 855 4408 12
877 4357 937 4425 Vgl.
957 4356 1023 4408 oben
1048 4358 1082 4408 29
1102 4358 1175 4409 Mara
1202 4355 1268 4414 1514,

113 4457 169 4494 nro.
190 4441 330 4496 CLXXXI.
