2798 4980
675 325 717 389 82

320 513 395 580 Seps
413 510 464 563 sub
483 509 594 563 obscuro
614 511 732 562 meditari
751 509 863 579 pulchre
880 509 988 577 sacello,

357 601 396 652 Ne
414 600 500 666 lugiet
517 606 613 651 ooetum
632 606 734 666 tempus
752 606 777 650 et
797 600 862 650 hore
879 604 963 664 tunm,

319 689 436 740 Jocnnee
456 687 548 738 doctos
565 688 635 739 inter
654 687 841 738 celeberrimus
860 703 952 739 ornnes

359 776 463 839 Elicit,
480 781 507 825 et
524 777 615 841 patrie
633 775 719 842 gloria
738 791 834 842 magna
852 789 915 827 suoe.

202 933 365 994 Gedruckt:
385 932 739 993 1=JoannisRenchlin
759 933 764 1010 Ι
784 932 966 993 Phorcensis.
983 931 1045 991 LL.
1060 926 1257 991 doctorisLiher

113 1033 344 1122 congesto-irum
368 1039 404 1098 de
427 1044 492 1098 arte
513 1039 691 1113 predicandi.
713 1031 718 1120 l
742 1041 781 1097 15
805 1040 854 1098 bll.
885 1040 916 1098 in
948 1036 1000 1110 403
1023 1040 1089 1096 a2.
1119 1035 1175 1095 Am
1189 1033 1258 1094 ende:

60 1140 64 1145 ’
113 1148 193 1207 Finit
221 1147 294 1206 liber
324 1144 503 1220 congestorn
529 1144 651 1204 Joannis
675 1144 814 1204 Renchlin
835 1137 1027 1226 {phorcensis
1051 1141 1113 1200 LL.
1137 1139 1259 1200 Doctoris.

113 1245 280 1334 Tem-{pore
307 1251 470 1324 pestilitatis
491 1251 593 1310 aeditus
617 1252 648 1311 in
668 1248 673 1325 1
693 1250 917 1310 Donakendorii.
952 1247 1027 1307 PRI.
1049 1239 1054 1329 Ι
1075 1246 1128 1306 ΙΙ).
1155 1247 1260 1320 sepon-

113 1356 190 1416 bres.
211 1357 217 1432 Ι
236 1372 312 1416 anno
331 1354 451 1414 Μ.Ι).ΙΙ.
472 1355 477 1432 Ι
497 1357 657 1432 Impressns
677 1349 682 1438 Ι
702 1356 823 1415 Phorce.
844 1365 849 1427 Ι
870 1354 993 1415 Μ.Ι)ΠΙ.
1019 1346 1025 1432 1
1069 1355 1148 1412 2:
1161 1350 1260 1412 loannis

113 1461 254 1521 Renchlin
274 1454 455 1542 Phorcenlsis
476 1460 538 1520 LL.
561 1461 686 1520 doctoris
702 1462 791 1521 Liber
814 1458 1047 1535 congestorum!
1068 1459 1113 1517 De
1132 1463 1260 1530 artepra

114 1566 238 1626 dicandi.
282 1570 321 1625 12
337 1564 387 1624 bil.
409 1567 440 1624 in
457 1564 508 1638 403
532 1563 618 1638 e1b3
642 1585 669 1627 a.
686 1583 718 1626 e:
740 1567 820 1626 Finit
839 1567 912 1626 liber
938 1557 1138 1645 Cogesloru(l)
1160 1562 1259 1622 loannis

113 1672 254 1732 Reuehiin
282 1664 444 1753 PhorJeesis
474 1671 536 1730 LL.
569 1671 706 1746 doctoris,
747 1673 891 1747 Tempore
919 1671 1094 1753 pestilitatis
1120 1668 1217 1728 aeditus
1237 1666 1258 1724 in

113 1776 293 1838 Denkedorff
310 1770 315 1859 Ι
335 1776 397 1836 Pri.
421 1777 490 1836 Idus
514 1777 610 1851 Septe.
644 1777 738 1860 Anno
760 1778 834 1852 Mdij
860 1769 1030 1860 Imlpressns
1058 1765 1183 1856 phorjce.
1196 1767 1256 1850 hilii

113 1883 192 1944 vm.
217 1885 237 1943 3
254 1903 296 1938 =
311 1881 420 1959 Maius,
435 1883 495 1944 sits
509 1882 662 1943 Renchlini
678 1900 702 1943 s.
721 1885 784 1944 245
801 1884 840 1958 fg.

607 2137 781 2208 LXXXVI.

184 2260 335 2328 Augeburg.
1015 2261 1049 2308 22
1070 2255 1229 2326 Aprilium.

152 2370 344 2449 conradus
370 2373 567 2474 Peutinger
594 2371 617 2470 j.
647 2400 683 2447 u.
712 2373 864 2470 Doctor,
894 2370 1035 2448 Joanni
1061 2367 1230 2446 Reuchlin

502 2495 706 2572 Phorcensi
724 2494 761 2571 S.
781 2496 826 2569 D.
846 2495 889 2569 P.

204 2686 338 2755 Gaudeo
360 2689 534 2774 plurimum
557 2711 609 2756 me
634 2690 695 2756 tibi
718 2695 846 2755 tantum
869 2710 939 2755 esse
963 2686 1068 2768 cordi,
1092 2684 1178 2773 qnod
1197 2697 1254 2748 nun·

116 2792 200 2859 cium
228 2799 320 2861 tuum
347 2796 392 2861 ad
421 2817 473 2862 me
503 2816 642 2861 vacuum
664 2796 713 2860 ire
738 2817 803 2861 non
832 2793 1017 2879 permisisti.
1063 2793 1194 2876 Agimus
1211 2779 1254 2850 tibi

115 2919 174 2982 ego
203 2921 286 2966 uxor
317 2906 352 2967 et
376 2899 451 2966 fihae
477 2902 611 2986 gratias.
658 2901 887 2967 Vehementius
915 2900 1013 2966 etiam
1045 2884 1253 2982 ageremnsti

114 3002 189 3069 filiae
211 3026 307 3088 agere
333 3006 466 3072 liberius
493 3012 637 3091 possent.
690 3006 754 3072 Sed
777 3007 883 3073 omnia
905 3007 939 3072 in
962 2998 1253 3072 Julianam¹filia11¹

115 3109 334 3192 conferemus,
367 3133 451 3196 quae
483 3119 517 3177 et
548 3112 661 3178 literas
691 3112 787 3177 modo
814 3112 933 3178 latinas
961 3111 1069 3194 legera
1100 3107 1210 3175 didicit
1231 3099 1255 3164 el

115 3217 302 3281 memoriter
331 3216 455 3301 absque
486 3217 607 3301 scripto
636 3219 758 3301 repetit
786 3224 820 3283 et
847 3217 989 3303 syllabas
1012 3216 1112 3282 etiam
1135 3213 1217 3298 (dnm
1234 3199 1255 3269 θὶ

115 3339 230 3385 munus
254 3320 387 3405 aliquod
410 3321 486 3387 licet
510 3323 660 3406 exiguum
686 3322 784 3407 dono)
809 3323 912 3388 discit.
957 3322 1046 3388 Petis
1068 3341 1089 3386 a
1112 3341 1164 3386 me
1186 3312 1256 3403 quib

115 3423 204 3508 piam
227 3446 267 3490 ex
289 3425 388 3492 rebus
410 3427 620 3511 professionis
642 3434 772 3495 nostrae.
819 3429 906 3494 Scito
935 3428 1023 3512 apud
1045 3447 1106 3493 nos
1127 3423 1206 3491 nihil
1221 3412 1260 3484 tel

693 3611 711 3652 ²3

116 3715 205 3781 epltter
222 3711 355 3765 mebriach
374 3715 503 3782 gedrucht
521 3717 624 3782 warde,
649 3715 767 3769 bekannt
784 3715 914 3784 gemacht.
951 3717 982 3767 In
1001 3715 1102 3768 diesem
1121 3718 1267 3768 commentar

115 3807 197 3852 nennt
215 3818 243 3853 er
260 3801 319 3853 sich
337 3802 382 3854 iol.
403 3805 451 3855 761)
469 3806 517 3856 mit
537 3806 604 3856 etoln
624 3806 700 3856 einen
719 3805 830 3857 hritiher
848 3804 902 3856 und
920 3804 992 3855 sahrt
1009 3806 1076 3856 forts
1103 3820 1156 3870 quo
1175 3803 1269 3856 nominc

114 3895 143 3939 tu
162 3889 312 3957 (Reuchlin)
331 3906 373 3940 me
391 3891 540 3958 indignum,
565 3893 720 3944 dulcissime
738 3900 896 3961 praeceptor,
914 3893 943 3942 in
961 3891 1082 3959 epistolis
1101 3893 1155 3943 tuis
1173 3890 1272 3943 mellitis

116 3977 274 4029 ambrosiam
292 3978 452 4044 nardumque
470 3980 652 4032 redolentibus
672 3983 797 4050 saepicule
816 3981 965 4049 appellitae.
1002 3979 1090 4031 Bnieie
1114 3997 1169 4032 von
1187 3979 1275 4034 simler

116 4070 198 4117 nnten
220 4069 286 4117 1507
306 4065 360 4116 und
381 4069 456 4118 1509.

188 4155 201 4202 1
228 4153 321 4205 Dieses
346 4155 474 4206 iriihreiie
501 4156 642 4221 mltdchen,
671 4156 713 4207 die
741 4162 810 4206 erste
836 4153 939 4206 toehter
964 4155 1137 4222 Peutingere,
1169 4158 1279 4225 empdng

116 4237 225 4303 tjchre
246 4244 278 4291 10
299 4250 404 4294 menate
423 4246 457 4293 24
478 4250 540 4310 tege
564 4245 602 4296 alt
626 4245 676 4295 den
699 4243 788 4295 kaiser
806 4226 973 4294 Maximilian
995 4241 1041 4294 bei
1063 4243 1165 4296 seinem
1190 4246 1281 4314 elnam

114 4326 142 4376 in
161 4326 304 4394 Augsburg
325 4328 412 4394 (Febr.
440 4334 518 4399 1504)
546 4335 594 4384 mit
619 4334 691 4384 einer
715 4332 892 4384 lateinischen
916 4327 1090 4399 hegrdllung;
1117 4333 1283 4401 ebgedrueht

114 4414 158 4466 bei
177 4415 270 4468 Veith:
289 4416 407 4467 Historia
424 4419 485 4469 ritae
503 4419 533 4472 (l.
551 4423 705 4488 Peutingeri
726 4437 747 4472 s.
768 4424 812 4473 24.
848 4421 892 4471 Sia
911 4419 983 4472 etarb
1002 4418 1065 4472 sehr
1081 4420 1237 4491 frilhneitig.
