2798 4980
643 317 703 382 93·

82 506 296 592 vocabularii,
320 505 453 574 tertium
474 506 514 574 de
531 513 602 574 arta
626 507 837 590 grammatica
860 513 894 574 et
915 507 984 597 ejus
1008 507 1249 575 exercitatione.

83 614 258 699 Inscriptio
281 613 378 698 nujus
411 612 487 678 risa
509 618 576 679 ea:
613 611 654 678 ue
677 612 869 679 rudimentis
892 612 1071 694 hebraicis,
1100 594 1138 680 et
1162 613 1251 698 quoa

81 743 146 787 non
164 721 236 806 jam
260 719 375 799 doctis,
398 719 455 784 sed
477 715 615 782 rudibus
638 737 677 783 ao
701 717 888 784 erudiendis
912 741 951 784 ea
979 720 1143 786 volumina
1166 741 1251 786 com·

82 826 270 913 posuerim,
306 823 458 907 deinceps
481 823 600 889 altiora
623 822 683 888 deo
715 829 878 889 annuento
909 824 1062 904 daturus,
1091 844 1175 908 quae
1208 823 1250 889 ad

81 953 224 997 arcanae
248 929 454 1015 Pythagorae
478 924 681 1011 disciplinam
705 936 738 994 et
760 935 865 995 artem
889 929 1119 995 Cabalisticam
1143 930 1251 996 deser-

81 1039 183 1117 siunt,
206 1058 227 1102 a
257 1035 384 1100 nemine
412 1054 547 1117 prorsus
575 1032 757 1112 intellecta,
792 1034 855 1099 nisi
885 1034 1047 1101 Hebraico
1076 1034 1249 1119 praedocto.
1271 1110 1294 1119 .,

83 1143 185 1208 Recte
223 1163 300 1207 vero
329 1139 528 1224 speraverim
557 1137 720 1222 quoslibet
752 1139 914 1223 religionis
946 1140 1150 1207 Christianae
1172 1146 1251 1229 stu·

82 1245 193 1313 diosos
217 1251 371 1311 nontam
394 1243 535 1309 libenter
557 1265 578 1307 a
600 1243 736 1309 ludaeis
759 1267 858 1329 quam
880 1246 939 1311 abs
963 1253 995 1311 te
1019 1247 1189 1313 sacerdote
1217 1252 1251 1312 et

82 1352 332 1435 amemetipso,
364 1366 561 1434 quamquam
592 1349 706 1415 uxorio
732 1351 752 1431 ¹,
780 1351 845 1417 ista
869 1352 1032 1435 suscipere
1056 1351 1253 1417 Redimenta

81 1456 258 1537 Hebraica,
282 1455 401 1540 quippe
424 1455 573 1538 utrisque
589 1454 783 1522 Christianis
800 1464 833 1521 ct
850 1479 889 1521 ex
910 1457 1102 1540 parentibus
1119 1454 1254 1522 Christi·

82 1563 154 1630 anis
178 1562 316 1647 Georgia
340 1566 374 1626 ot
396 1559 503 1625 Elissa
518 1558 711 1626 Phorcensis
727 1562 892 1645 municipii
907 1561 1029 1627 civibus
1045 1561 1212 1644 prognatis
1230 1559 1254 1624 ².

83 1668 210 1734 Hortor
232 1690 308 1752 ergo
331 1673 382 1747 te,
415 1664 460 1728 mi
489 1663 635 1748 Dionysi,
669 1673 708 1731 ut
740 1667 784 1732 ad
813 1667 944 1733 laudem
972 1673 1005 1731 et
1032 1665 1167 1748 gloriam
1192 1664 1253 1730 Dei

84 1774 200 1858 optimi
221 1773 362 1854 maximi,
386 1777 486 1857 atque
503 1768 680 1834 utilitatem
695 1792 808 1837 sacrae
825 1772 1015 1855 scripturae,
1042 1769 1138 1836 simul
1154 1769 1254 1834 etiam

81 1879 125 1945 ad
155 1879 429 1965 praeparationem
462 1874 779 1966 abstrusissimarum
802 1878 921 1942 artium
945 1882 978 1942 et
1008 1875 1255 1960 antiquissimae

84 1985 267 2068 priscorum
294 1981 518 2069 philosophiae
547 1980 633 2045 huno
663 1980 782 2046 librum
814 1982 961 2065 pluribus
992 1981 1133 2060 idoneis,
1163 1980 1256 2045 indu·

86 2090 242 2175 atriisque
275 2088 461 2180 homiuibus
494 2085 707 2171 impertiaris,
747 2095 908 2171 quatenus
945 2087 1102 2153 auxiliare
1140 2105 1256 2151 nomen
1315 2071 1316 2076 ἵ

87 2193 283 2260 dei-summi
306 2194 478 2278 conspicue
501 2197 705 2275 agnoscatur,
730 2192 903 2276 diligenter
925 2199 1054 2258 ametur
1078 2197 1111 2258 et
1133 2191 1257 2258 feruen-

88 2299 214 2365 tissime
237 2298 406 2379 landetur,
430 2296 517 2383 quod
542 2301 592 2362 est
615 2296 821 2367 benedictum
844 2298 878 2362 in
901 2299 1020 2364 saecula
1041 2299 1061 2363 ³.
1107 2298 1200 2364 Nunc
1223 2297 1257 2362 in

93 2404 183 2471 calce
213 2403 414 2490 praefationis
443 2402 504 2467 hoc
535 2421 636 2464 unum
659 2401 865 2470 admonuisse
890 2411 922 2471 te
952 2404 1061 2485 velim,
1095 2404 1182 2489 quod
1204 2403 1257 2468 hic

91 2510 178 2576 liber
209 2508 368 2576 contraris
393 2507 517 2573 Latinis
547 2528 637 2573 more
669 2506 824 2591 legendus
856 2516 920 2591 est,
945 2511 1001 2595 qui
1025 2511 1109 2576 enim
1132 2509 1257 2594 primus

96 2621 234 2702 putatur
250 2613 434 2700 quinternio
457 2613 485 2679 is
508 2600 641 2679 ultimus
664 2620 779 2680 exstat.
826 2615 1138 2682 Transversandus4
1159 2615 1259 2700 igitur

665 2757 683 2796 ²1⁸

162 2855 174 2900 1
194 2848 312 2918 uxorius]
329 2865 349 2900 s.
369 2864 392 2899 0.
414 2851 445 2899 27
464 2846 530 2899 Juni
550 2848 617 2897 1512
637 2864 693 2899 nro.
710 2848 842 2900 LXXXV.
909 2854 923 2899 2
943 2849 993 2899 Die
1013 2850 1095 2900 cltern
1115 2847 1259 2900 Reuchlina

87 2938 201 2991 straden
220 2940 255 2989 im
280 2937 382 2988 dienato
405 2935 451 3007 der
469 2935 651 2986 dominihaner
668 2937 695 2986 in
714 2937 879 3001 Pforzhcim,
906 2938 960 3004 vgl.
980 2937 1065 2988 meine
1083 2938 1145 2989 Mel.
1166 2937 1259 2988 Oratio

88 3043 112 3079 s.
132 3029 164 3078 67
182 3043 220 3093 sq,
255 3026 307 3076 Der
325 3031 420 3075 mutter
438 3023 578 3074 erriohtcte
596 3024 725 3075 Reuchlin
745 3026 820 3076 einen
840 3025 977 3090 grabstein
995 3024 1043 3074 mit
1061 3026 1107 3076 der
1124 3026 1259 3079 insohril't:

88 3115 232 3166 ELISSAE.
256 3112 400 3182 uR-JINAE.
426 3109 599 3181 GEOR·]G11.
618 3112 825 3182 REVCHL·,'IN.
846 3111 961 3163 VXORI.
980 3112 1077 3183 JOH.l
1098 3113 1260 3177 CAPNION,

85 3200 233 3273 Flemus,
252 3200 374 3252 MATRI.
390 3197 393 3269 l
409 3198 664 3269 PIENTISSIMAEl
684 3200 819 3251 POSVIT.
839 3199 925 3266 Majus
943 3217 963 3255 s.
980 3205 1038 3253 140.
1093 3201 1222 3253 tocculai
1238 3206 1260 3253 1.

86 3286 370 3356 4'1'rans'versanclus]
395 3287 521 3340 Dieselbc
545 3288 679 3355 mahnung
703 3290 804 3355 spricht
825 3305 868 3340 am
890 3290 995 3343 schlusa
1018 3291 1064 3345 des
1089 3290 1189 3344 bucher
1211 3289 1261 3342 lol-

86 3379 189 3448 garder
208 3380 318 3431 Canon:
592 3435 593 3438 Ἴ

111 3448 116 3462 ’
306 3464 364 3516 Non
383 3470 423 3516 est
440 3463 509 3515 liber
526 3462 654 3530 legendus
673 3464 716 3514 hic
735 3480 783 3515 cau
802 3467 882 3517 ceteri

308 3552 415 3604 Faciem
434 3553 542 3603 sinistra
560 3550 668 3602 dextera
686 3551 791 3603 dorsum
808 3560 867 3605 tenc

309 3641 343 3693 nt
361 3642 393 3692 dc
412 3642 519 3691 sinistra
535 3639 647 3706 paginas
666 3639 698 3690 ad
718 3641 851 3692 dexteram

311 3729 488 3795 Quaecumque
506 3735 587 3790 verte,
606 3743 673 3792 quac
691 3729 775 3779 latina
793 3729 892 3781 videris

311 3817 406 3882 Legito
426 3816 520 3881 latine,
540 3816 655 3867 Hebraea
672 3816 695 3866 si
713 3817 766 3866 sint
783 3818 863 3868 insita

306 3904 330 3952 Α
348 3904 455 3954 dextera
473 3902 587 3969 legenda
608 3909 671 3954 sunt
688 3904 874 3956 sinistrorsum.

85 3991 236 4045 Sondcrbar
259 4005 353 4057 genug
375 3991 422 4042 hat
443 3993 564 4042 Miinster
587 3991 614 4040 in
638 3991 684 4041 der
708 3992 819 4042 aweiten
842 3990 957 4057 antiago,
982 3991 1024 4042 die
1049 4008 1077 4044 er
1094 4007 1145 4043 ron
1164 3989 1263 4044 diesem

84 4081 172 4132 werke
191 4078 399 4144 veranstaltctc,
425 4079 468 4130 die
487 4079 550 4130 aber
568 4079 619 4130 wie
634 4078 710 4143 jedes
729 4079 825 4129 audere
842 4079 912 4131 buch
930 4096 982 4131 von
1000 4079 1072 4131 linhs
1089 4079 1158 4130 nach
1176 4080 1265 4131 recht·

83 4169 162 4236 geht,
190 4168 289 4219 diesen
314 4183 410 4234 passus
440 4166 593 4220 abdrucken
619 4167 716 4218 lassen.
752 4154 868 4217 libulich
892 4175 951 4233 angi
976 4166 1093 4219 Joannes
1112 4169 1265 4220 Pinicianna

84 4258 138 4325 (am
156 4257 227 4309 ende
248 4257 279 4305 in
300 4254 347 4305 der
363 4262 444 4306 unten
464 4260 476 4306 1
495 4255 562 4306 Juni
582 4257 650 4304 1514
668 4254 845 4320 angefdhrten
862 4254 956 4306 schrift
973 4256 1201 4323 Bitschensteinsts

307 4341 362 4391 Hic
380 4343 473 4410 lingua
490 4342 590 4410 triplici
608 4341 720 4408 loquens
738 4341 848 4392 libellus

308 4426 368 4481 Non
386 4436 426 4483 est
444 4437 473 4482 ut
490 4430 586 4497 reliqui
604 4429 667 4482 iibri
684 4429 824 4498 legendus,
