2798 4980
718 266 762 331 44

162 458 264 523 rimus
293 458 456 543 quondam
485 461 647 541 pugnator
675 479 747 523 cum
777 457 908 542 optimis
935 457 1153 523 certatoribus
1183 458 1333 524 Pirithoo

163 564 316 646 Dryante,
340 563 468 642 Coeneo,
493 563 699 647 Polyphemo,
723 563 911 647 Theseaque
939 563 946 599 ¹
971 583 1085 628 manus
1109 570 1332 629 conseruerat.

163 668 370 752 Quapropter
392 666 479 732 idem
502 668 535 731 in
559 668 702 732 exercitu
725 668 799 751 plus
823 668 949 733 caeteris
966 673 999 732 et
1015 668 1147 733 consilio
1171 668 1276 735 valuit
1299 676 1333 734 et

163 773 333 856 sapientia.
365 771 510 857 Cumque
526 773 642 837 iterum
660 773 703 836 ad
718 773 846 857 'frojam
864 793 998 856 maguus
1013 773 1161 839 mittetur
1177 773 1332 854 Achilles,

161 877 280 942 iterum
296 898 369 942 mea
385 878 549 943 sententia
565 877 751 942 consulendi
764 885 839 943 sunt
850 899 912 942 uon
926 876 1081 943 Thersitae
1093 878 1150 944 sed
1162 878 1331 945 Nestores.

184 1002 191 1011 ’
251 982 450 1047 Admirabile
472 982 655 1048 hominibus
677 983 786 1048 videre
808 984 917 1066 potuit
945 989 979 1047 ts
1007 983 1106 1048 talem
1133 985 1238 1051 virum
1262 990 1332 1050 tam

162 1094 330 1153 strenuum
354 1087 454 1153 armis
478 1107 574 1171 quam
600 1087 703 1153 literis
727 1089 857 1154 doctum
875 1109 914 1152 ex
930 1088 985 1151 illo
1003 1089 1183 1154 Dmoadum
1201 1091 1213 1129 ²
1229 1111 1333 1175 pyrgo

161 1193 196 1258 id
230 1200 281 1257 est
311 1192 492 1275 puellarum
523 1213 608 1271 arce,
639 1214 736 1276 quam
772 1193 944 1276 Maidburg
976 1200 1092 1258 vocant
1123 1195 1332 1278 processisse,

164 1295 281 1380 (Graeci
305 1317 432 1381 nanque
457 1297 620 1362 Dmoadas
637 1298 804 1381 appellant
819 1297 945 1382 puellas
960 1298 1142 1378 ancillares,
1165 1320 1248 1384 quas
1266 1321 1334 1365 ser·

162 1423 256 1467 mone
279 1401 451 1467 vernaculo
474 1424 534 1486 per
557 1403 737 1486 aphaeresin
760 1425 818 1468 seu
847 1402 971 1467 Endian
995 1404 1101 1486 prima
1130 1403 1227 1469 litera
1257 1403 1344 1470 sub.

162 1507 230 1573 lata
246 1508 332 1572 lleid
349 1507 492 1588 dicimus,
517 1513 550 1572 et
564 1530 685 1593 pyrgon
704 1507 848 1592 burgum,
873 1506 972 1571 veluti
986 1528 1087 1592 pyxos
1105 1506 1233 1594 buxus.)
1266 1508 1333 1575 Ita·

163 1635 225 1697 que
254 1621 291 1678 ut
318 1613 464 1692 redeam,
497 1613 687 1678 admirabile
721 1615 828 1696 potnit
859 1613 984 1678 senatui
1015 1611 1199 1697 populoque
1227 1613 1333 1680 uideri

162 1718 260 1783 talem
285 1718 427 1802 legatum
451 1718 510 1783 abs
534 1716 673 1802 quadam
697 1719 878 1803 puellarum
902 1716 978 1782 aula
997 1717 1134 1783 missum
1151 1739 1232 1798 esse,
1253 1740 1334 1804 qua·

163 1845 230 1887 rum
255 1825 361 1888 Venus
385 1825 428 1888 sit
451 1823 526 1902 dea,
551 1845 612 1888 nou
637 1825 734 1889 Mars.
782 1826 824 1888 At
847 1823 1030 1888 meminisse
1054 1822 1236 1888 debuerant
1259 1824 1333 1889 Bel·

162 1927 268 1992 lonam
293 1930 325 1992 in
349 1932 458 1993 vatum
482 1927 621 1993 oraculis
644 1951 707 1993 nno
732 1929 930 2012 cognomime
960 1927 1096 1994 Pallada
1120 1927 1333 1994 Minervalem

163 2031 239 2112 dici,
269 2033 356 2097 haud
380 2034 448 2097 sine
473 2032 626 2116 prudenti
649 2035 816 2118 mysterio:
848 2032 935 2118 quod
963 2034 1067 2098 virum
1091 2033 1208 2098 fortem
1231 2039 1333 2119 atque

163 2159 342 2223 pugnacem
370 2159 433 2202 non
457 2137 559 2202 solum
584 2137 717 2204 robusto
742 2161 853 2205 verum
882 2140 980 2205 etiam
1011 2139 1098 2203 culto
1129 2159 1268 2223 corpore
1294 2161 1333 2205 ac

162 2248 270 2308 mente
293 2243 473 2326 perspicaci
497 2242 612 2309 deceat
634 2267 715 2310 esse.
760 2245 798 2310 ld
822 2250 859 2309 tu
882 2244 964 2310 nolis
987 2243 1083 2309 velim
1106 2244 1203 2309 aliter
1231 2253 1334 2329 atque

162 2349 232 2431 ipse
256 2349 413 2414 senserim
436 2349 584 2434 accipere
607 2371 667 2434 pro
690 2351 788 2415 animi
813 2350 938 2416 scilicet
961 2349 1009 2415 tui
1028 2348 1173 2415 bonitate
1188 2347 1335 2415 liberali-

163 2458 312 2538 tatequc;
336 2459 463 2519 tantum
486 2462 523 2519 ut
545 2475 721 2539 cognoscas
744 2462 858 2540 optare
882 2477 933 2520 me
957 2455 989 2519 in
1013 2454 1164 2520 amicitiae
1185 2459 1252 2519 tuae
1277 2476 1335 2538 pe·

163 2558 302 2624 netralia
322 2580 484 2625 secessum
506 2560 563 2625 ire.
604 2561 740 2639 Quodsi
765 2560 932 2644 rescriptis
956 2561 1004 2624 tui
1027 2580 1158 2625 sensero
1182 2580 1241 2644 ego
1262 2560 1335 2645 qui·

164 2663 237 2730 dem
261 2671 349 2730 recte
373 2663 496 2744 valebo,
521 2671 554 2730 et
577 2667 682 2750 tuipse
707 2666 926 2751 quamoptime
947 2664 1057 2730 valeas
1080 2668 1165 2749 opto.
1205 2666 1254 2731 Ex
1270 2664 1335 2732 Tu·

164 2768 261 2854 binga
285 2769 395 2835 Idibus
419 2770 507 2836 Julii.
554 2773 645 2837 Anno
672 2778 765 2837 1495.

256 2880 381 2940 1=c.
406 2877 827 2955 veternas-:ao
851 2867 1336 2953 e.uub1·m;s=c.v.e.11

164 2986 213 3046 fol.
233 2991 298 3046 22³·
311 2981 342 3060 b;
369 2992 388 3046 4
406 3009 448 3040 =
464 2988 585 3063 Mulier,
610 2989 884 3063 reichstagstheater
899 2994 985 3047 unter
1000 2988 1181 3048 Maximiliau
1196 2989 1210 3045 Ι
1226 3004 1249 3046 s.
1268 2989 1333 3049 551

166 3093 229 3167 (mit
244 3093 384 3153 marchen
400 3093 609 3153 willkurlichen
625 3094 834 3169 tndernngen).

237 3352 388 3418 'tubingen
730 3265 763 3330 ι’
1086 3357 1119 3405 cs
1137 3354 1195 3405 rurs
1218 3356 1297 3406 1495.

164 3450 328 3524 loannes
347 3449 531 3524 Reuchlin
548 3450 765 3525 Phorcensis
785 3451 821 3526 S.
844 3453 887 3525 D.
927 3451 1068 3526 Joanni
1086 3477 1131 3523 ex
1150 3450 1266 3549 Lupis
1287 3451 1336 3525 de

164 3570 444 3671 Hermansgrtin
459 3573 498 3645 in
512 3573 818 3673 splendidissimis
830 3575 979 3676 Imperii
993 3573 1152 3647 Romani
1166 3571 1335 3647 Gemitus

347 3694 448 3796 apud
466 3695 679 3796 Vangiones
700 3698 834 3771 oratori
854 3696 1142 3794 Maidburgensi.

252 3859 293 3924 Ni
316 3860 471 3924 memoria
494 3867 638 3926 tenerem
664 3885 681 3927 e
705 3861 789 3927 binis
813 3863 878 3927 tuis
902 3861 1005 3926 literis
1026 3864 1188 3944 perpetua
1208 3879 1260 3924 me
1277 3858 1336 3924 ob

164 3966 311 4029 strictum
335 3966 405 4048 lege
429 3985 491 4030 non
516 3972 643 4032 tantum
668 3967 836 4050 diligendi,
862 3987 972 4031 verum
997 3966 1095 4030 etiam
1119 3962 1250 4028 amandi
1274 3964 1336 4044 tui,

241 4170 248 4210 1
273 4165 330 4229 l'gl.
352 4165 411 4216 llius
432 4169 464 4229 ll,
484 4172 534 4217 435
553 4170 579 4217 tl'.
599 4170 642 4232 Vl,
663 4173 695 4218 ca
714 4102 1023 4231 ff.†t'11,1oaff.,vllt,
1043 4172 1075 4216 su
1091 4168 1115 4217 rt'.
1133 4175 1182 4214 etc.
1251 4171 1265 4214 2
1287 4166 1336 4213 Dl-

166 4251 278 4300 noadum
304 4261 353 4302 cto.
373 4255 414 4304 siu·
435 4256 580 4306 Dmoadum
602 4267 651 4307 etc.
675 4257 860 4307 nunterston
887 4264 970 4305 errata
994 4271 1034 4304 am
1061 4253 1125 4304 ende
1145 4253 1190 4303 der
1216 4252 1336 4318 ausgebe

165 4339 313 4405 angeltlhrt.
