2798 4980
663 325 725 392 139

105 513 225 580 tionem
248 514 443 599 particulari
465 513 561 582 modo
585 513 733 600 specifice
755 516 857 582 latam
878 515 1046 598 uidissem,
1074 524 1231 615 tumego
1259 517 1272 559 ¹

105 640 172 685 rem
203 640 334 685 omnem
354 626 517 706 <tanquam
547 621 759 687 dubitabilem
789 627 932 688 tractare
964 624 1071 707 topico
1102 622 1272 690 rhetorum

106 746 193 819 more
217 724 261 790 ad
284 727 549 810 persuadendum
573 734 650 812 apto
664 727 902 813 ..instituissem
950 728 1014 794 Ubi
1044 729 1146 794 omnis
1176 728 1275 793 animi

105 839 213 896 motus
228 852 288 914 pro
305 838 497 914 argumento
513 832 585 912 fuit,
610 830 844 898 siva-causaret
860 833 1096 918 quantamlibet
1119 834 1273 918 suspicio·

101 957 185 1015 nem,
202 957 263 1001 seu
279 936 452 1001 violentam
474 936 736 1003 vehementemve
753 939 765 976 ²
789 940 1081 1023 praesumptionem,
1106 946 1164 1004 aut
1180 945 1268 1004 certe

104 1042 326 1106 necessariam
354 1041 594 1126 probationem,
625 1049 663 1108 ut
692 1044 725 1106 in
749 1043 960 1127 deliberativo
996 1045 1125 1111 dicendi
1155 1066 1272 1128 genere

104 1145 199 1212 lieri³
223 1148 399 1213 consuevit.
436 1149 473 1213 ln
488 1148 569 1232 ipsis
585 1156 696 1214 autem
711 1150 934 1239 argumentis4
954 1149 1093 1214 fortasse
1110 1150 1274 1234 digressus

105 1273 178 1317 sum
200 1253 298 1336 paulo
322 1252 461 1337 amplius
485 1275 584 1339 quam
607 1260 756 1338 oportere
781 1254 976 1338 quibusdam
999 1254 1157 1319 videatur.

194 1359 246 1438 Et,
270 1364 306 1422 ut
329 1380 380 1422 ms
403 1359 648 1442 peregrinorum
671 1358 816 1426 cohors⁵
839 1361 921 1426 istac
944 1361 1183 1426 transeuntium
1206 1381 1274 1425 cer-

105 1463 223 1528 tiorem
246 1462 334 1541 facit,
359 1485 416 1546 ego
440 1464 551 1529 multis
575 1465 608 1528 in
632 1464 761 1529 civitate
784 1471 893 1531 vestra
909 1466 1079 1531 calumniis
1095 1465 1272 1544 insimulor,

106 1589 187 1653 quas
211 1569 445 1652 Peperioornus
470 1576 503 1633 et
526 1569 783 1653 Peperiphrones
806 1570 885 1634 mihi
907 1571 1006 1635 nullis
1034 1572 1113 1636 meis
1138 1591 1275 1636 comme·

105 1673 177 1738 ritis
201 1673 460 1757 praecedentibus
484 1675 738 1760 circumquaque
764 1677 960 1740 cursitantes
987 1681 1130 1740 struunt.
1177 1678 1275 1740 Acce-

107 1779 155 1844 dit
177 1780 221 1845 ad
245 1779 314 1858 hoc,
339 1780 426 1864 quod
450 1779 612 1864 qnidam⁶
644 1780 873 1864 spectatissimi
904 1779 1075 1862 theologia
1108 1779 1275 1845 candidati

107 1883 257 1950 fortassis
280 1906 363 1968 aegre
387 1885 473 1950 ferre
496 1891 638 1969 possent,
662 1907 713 1951 me
737 1887 793 1970 qui
824 1906 991 1951 sacrarum
1014 1885 1188 1953 literarum
1211 1885 1275 1950 dis-

107 1990 235 2074 cipulus
257 2012 425 2075 nunquam
447 1991 574 2070 fuerim,
597 1990 759 2056 hominem
783 1991 906 2056 scilieet
925 1991 1000 2074 'ejus
1022 1989 1164 2055 scientiae
1186 1991 1276 2074 igna-

106 2115 199 2174 rum,
232 2097 427 2161 autoritates
459 2097 635 2162 inseruisse
669 2096 809 2176 divinas,
845 2103 878 2162 et
917 2102 1104 2162 sanctorum
1140 2096 1274 2161 Patrum

106 2202 336 2267 testimonias
357 2223 409 2266 me
433 2223 497 2267 non
521 2202 612 2281 bene,
636 2208 673 2266 ut
696 2203 797 2286 ajunt,
821 2202 995 2267 intellecta.

196 2307 331 2390 Egregie
355 2314 388 2372 et
411 2308 677 2374 excellentissime
701 2310 815 2374 doctor
838 2315 872 2374 et
899 2307 1189 2374 observandissime
1221 2305 1276 2372 do-

107 2412 207 2491 mine,
235 2412 379 2478 adducta
408 2435 466 2496 per
495 2435 546 2478 me
583 2436 703 2480 cernes
739 2414 932 2497 theologica,
968 2414 1053 2478 sicut
1081 2413 1277 2478 rusticorum

109 2518 262 2582 sacerdos
297 2518 331 2582 iu
358 2519 559 2584 sermonibus
591 2519 784 2584 medicinam
816 2520 956 2602 allegare
988 2525 1108 2602 posset.
1158 2519 1277 2582 Fateor

108 2624 208 2687 enim:
242 2623 274 2686 in
305 2623 422 2687 scholis
454 2623 648 2707 theologiam
671 2646 735 2689 non
762 2625 773 2663 ⁷
809 2624 922 2701 didici,
957 2623 1014 2688 sed
1039 2623 1150 2688 civiles
1173 2623 1271 2706 leges,

107 2746 208 2812 quare
224 2734 368 2793 vestram
384 2727 572 2812 disputandi
587 2731 746 2794 rationem
762 2730 874 2812 ignoro
892 2728 913 2792 ⁸.
959 2730 1019 2793 Est
1035 2734 1145 2792 autern
1162 2725 1277 2792 nihilo·

106 2833 213 2898 minus
229 2833 308 2897 mihi
323 2851 407 2917 pora
423 2836 628 2916 conscientia,
652 2835 739 2920 quod
756 2834 904 2899 voluntas
928 2854 1000 2898 mea
1020 2853 1083 2896 uon
1105 2836 1274 2896 avertatur

107 2937 269 3004 aChristo
287 2939 342 3022 qui
359 2945 407 3004 est
423 2946 522 3023 caput
537 2941 690 3006 ecelesiae.
718 2939 878 3024 Quicquid
893 2939 992 3022 igitur
1008 2943 1121 3002 sancta
1138 2935 1275 3001 ecelesia

107 3065 179 3127 quse
203 3050 253 3109 est
276 3045 424 3110 columna
447 3051 481 3110 et
503 3044 742 3112 firmamentum
765 3045 911 3110 veritatis
927 3043 1039 3121 credit,
1064 3048 1097 3106 et
1118 3040 1275 3126 qualiter·

107 3169 247 3234 cumque
277 3149 381 3214 credit
402 3151 489 3216 idem
512 3173 571 3236 ego
596 3159 629 3218 et
652 3153 763 3218 taliter
785 3150 892 3216 crede.
939 3150 981 3213 Et
1008 3147 1095 3214 siout
1123 3148 1194 3231 ipsa
1218 3168 1273 3211 ex·

106 3255 198 3338 ponit
226 3276 352 3319 sacram
381 3256 589 3340 scripturam,
617 3257 666 3324 ita
698 3279 755 3341 ego
786 3254 1009 3341 exponendam
1032 3274 1147 3318 censeo
1172 3258 1273 3336 atque

106 3357 271 3424 confiteor.
315 3361 358 3426 Et
381 3361 407 3425 si
430 3361 598 3446 usquam⁹
622 3364 718 3429 aliter
742 3363 978 3447 exposuissem,
1012 3380 1110 3444 quam
1133 3358 1278 3442 patiatur

105 3465 291 3529 intellectus
316 3467 467 3547 ecclesiae,
492 3468 579 3551 quod
602 3474 710 3534 tamen
734 3468 849 3533 fecisse
873 3488 924 3531 me
948 3487 1011 3530 non
1043 3464 1188 3543 memini,
1218 3483 1276 3546 ego

103 3591 162 3654 pro
186 3590 273 3635 nuno
296 3573 380 3636 sient
403 3594 461 3655 pro
485 3578 563 3637 tuno
586 3581 619 3639 et
634 3581 711 3639 tunc
728 3575 813 3639 sicut
828 3594 888 3657 pro
918 3594 1003 3636 nuuc
1018 3570 1101 3635 illud
1116 3569 1277 3652 corrigere

105 3696 143 3740 ac
172 3675 347 3741 emendare
377 3683 512 3768 paratus
541 3699 629 3759 sum,
663 3685 696 3744 et
727 3686 815 3745 stare
846 3678 974 3744 omnino
1014 3673 1275 3741 determinationi

106 3781 265 3862 ecclesia,
297 3788 334 3846 ut
356 3782 577 3867 integritatem
604 3785 637 3848 in
666 3806 717 3848 me
748 3805 841 3850 suam
859 3784 885 3822 ¹⁰
912 3782 995 3849 fides
1023 3779 1277 3845 incontaminata

107 3886 280 3953 custodiat.
327 3888 391 3954 Oro
423 3891 535 3973 igitur,
575 3891 844 3974 praestantissime
875 3889 1004 3967 doctor,
1040 3891 1087 3965 ut,
1117 3884 1144 3949 si
1176 3902 1274 3967 quen-

685 4019 704 4057 ’l‘

178 4114 189 4158 1
211 4109 269 4174 Ego
283 4110 336 4174 ipse
351 4112 375 4158 2.
444 4113 458 4159 2
481 4109 665 4159 Vehementem
680 4108 890 4158 violentsmve2.
949 4109 963 4156 3
985 4104 1054 4154 Fieri
1068 4103 1239 4168 ausgelussen
1253 4106 1277 4153 2.

105 4199 123 4246 4
139 4195 191 4246 Die
210 4202 367 4262 argumenta
386 4210 444 4261 quae
463 4203 573 4263 possunt
586 4195 746 4246 scholastIce
759 4196 786 4244 in
800 4195 957 4244 contrarium
972 4193 1069 4257 objici:
1089 4191 1278 4257 augenspiegsl

104 4285 167 4336 XXl
180 4284 222 4336 bis
236 4284 353 4334 111111Π1
401 4286 416 4333 5
430 4284 500 4334 Istuc
512 4287 702 4335 transeuntium
715 4285 810 4334 cohors
825 4287 848 4331 2.
894 4285 909 4332 6
924 4281 1117 4348 spectatissimi
1130 4278 1236 4345 quidam
1252 4283 1279 4331 2.

106 4376 281 4442 lNunquam
308 4376 332 4422 2.
404 4372 526 4434 8Quare
552 4371 627 4429 datur
647 4409 653 4425 .
673 4408 680 4425 .
701 4407 708 4423 .
733 4372 855 4444 ignorare
881 4373 905 4424 2.
984 4371 999 4426 9
1021 4368 1081 4424 Ullo
1110 4375 1227 4439 tempore
1253 4370 1277 4418 2.

107 4465 138 4514 10
157 4463 237 4516 Suom
250 4458 423 4528 ausgslasseu
437 4463 460 4512 2.
