2798 4980
660 261 704 352 41‘

98 476 238 543 minibus
266 477 402 557 reterta3
433 498 516 542 unus
540 476 721 543 Germania
744 482 864 543 nostrae
886 477 1074 556 thesaurus,
1106 499 1264 562 quocum
1343 462 1346 471 ¹

31 604 39 617 “
98 583 150 646 uti
173 581 289 647 solitus
311 603 439 666 semper
461 603 520 665 pro
544 582 642 646 animi
665 583 728 646 mei
751 584 919 649 sententia.
958 583 1068 648 Trium
1083 583 1181 665 igitur
1195 582 1266 667 phi·

98 686 347 771 losophororum
362 676 417 752 'de
447 686 556 752 Verbo
586 685 720 752 mirifico
751 687 1003 772 disputationem
1033 689 1152 771 accipe,
1183 708 1266 771 quos

99 792 188 856 inter
210 813 244 858 se
269 791 320 877 (ut
350 799 512 858 sectarum
535 793 755 857 controversia
778 814 891 876 cogere
916 790 1043 875 debuit)
1067 792 1265 857 altercantes

98 895 186 977 finxi,
210 917 274 981 quo
297 899 397 980 magis
422 898 584 962 elucescat
607 897 734 962 occulta
751 908 915 962 sacrorum
939 897 1102 961 nominum
1121 897 1265 980 proprie·

98 1008 162 1068 tas.
203 1003 251 1067 De
268 1002 384 1086 quibus
402 1009 434 1066 et
457 1002 497 1066 de
521 1007 571 1067 tot
594 1023 727 1067 numero
751 1008 849 1087 atque
873 1003 973 1068 tantis
989 1003 1109 1068 unum¹
1133 1001 1265 1067 tandem

100 1127 252 1191 supreme
281 1107 410 1192 quidem
435 1107 448 1146 ¹
471 1106 639 1172 mirificum
673 1107 920 1192 beatificumquo
944 1107 1037 1172 nobis
1060 1105 1198 1190 eligendi
1220 1105 1267 1170 fa-

99 1211 218 1276 cilior³
241 1218 415 1296 praestetur
430 1213 565 1277 occasio.
604 1214 646 1277 Et
669 1219 706 1277 ut
728 1212 816 1278 brevi
841 1218 1031 1294 argumento
1054 1232 1123 1276 rem
1139 1232 1265 1276 omnem

98 1337 289 1400 cognoscas:
313 1317 461 1382 Sidonius
478 1318 517 1382 dc
534 1318 643 1382 schola
660 1318 791 1402 Epicuri
814 1318 951 1400 primum
976 1323 1124 1400 putatus,
1149 1313 1265 1380 deinde

97 1422 249 1488 inventus
272 1423 306 1486 iu
327 1423 446 1487 nullius
470 1422 569 1486 verba
589 1423 727 1506 jurasse,
751 1421 985 1508 omniphariam
1009 1425 1022 1462 ¹
1045 1421 1265 1506 philosophus,

98 1526 278 1611 cupiditate
302 1528 444 1592 discendi
469 1547 603 1610 peregre
631 1526 856 1611 proficiscitur,
880 1532 954 1610 post
978 1525 990 1564 ⁵
1014 1527 1116 1591 multa
1145 1527 1266 1609 ingres-

98 1655 155 1696 sus
180 1632 343 1709 sueciam,
372 1632 579 1716 philosophos
603 1632 684 1697 duos
715 1632 748 1695 in
780 1632 900 1714 oppido
932 1631 1076 1696 Phorcen
1107 1629 1263 1695 convenit.

99 1737 296 1802 Baruchiam
310 1737 484 1802 Hebraeum
507 1744 540 1801 et
561 1736 756 1818 Capnionem
776 1738 787 1773 ¹
805 1736 1032 1814 Christianum,
1057 1757 1128 1799 cum
1149 1734 1280 1823 quibust}

97 1841 140 1905 de
165 1840 264 1905 variis
287 1840 464 1927 disciplinis
488 1849 586 1924 atquc
603 1861 677 1904 mox
701 1841 740 1904 de
764 1842 836 1924 ipsa
860 1839 1040 1905 divinarum
1057 1847 1090 1904 ct
1113 1839 1277 1903 humana-v

97 1967 170 2010 rum
195 1967 304 2009 rerurn
328 1947 462 2010 scientia
486 1945 628 2022 disserit,
653 1947 692 2010 de
717 1947 875 2029 opinione,
901 1946 912 1984 ¹
937 1945 976 2008 de
1002 1944 1075 2024 fide,
1107 1943 1147 2008 de
1171 1942 1278 2017 mira,

97 2050 191 2128 culis,
216 2049 256 2114 de
282 2046 455 2115 virtutibus
480 2049 650 2114 verborum
674 2057 708 2114 et
732 2053 744 2088 ¹
767 2049 951 2134 figurarum,
976 2051 1016 2115 de
1041 2049 1169 2115 arcanis
1193 2052 1280 2157 ope-J

100 2154 285 2221 rationibus
316 2162 349 2220 et
377 2155 539 2238 mysteriis
572 2156 818 2238 signaculorum.
872 2157 942 2221 Hoc
974 2157 1070 2222 rnodo
1105 2155 1279 2219 universa·-

100 2283 176 2326 rum
199 2263 342 2344 gentium
366 2283 438 2345 quae
461 2261 570 2344 aliqua
595 2261 765 2326 excellenti
789 2262 934 2345 polleant
962 2260 1179 2347 philosophia,
1209 2263 1267 2324 aut

99 2388 165 2431 nou
196 2366 409 2432 illiberalibus
440 2367 620 2433 cerimoniis
651 2374 684 2431 et
712 2377 842 2432 sacrata
869 2369 998 2432 nomina
1029 2374 1063 2432 et
1086 2364 1266 2432 consecrati

100 2471 310 2537 characteres
325 2473 358 2536 in
374 2473 582 2556 quaestionem
600 2472 755 2552 incidunt,
780 2471 817 2537 fit
832 2474 1031 2538 enumeratio
1048 2471 1266 2558 symbolorum

100 2600 123 2641 a
146 2577 280 2660 singulis
302 2600 360 2661 pro
384 2600 450 2643 suae
474 2584 570 2642 sectae
593 2580 657 2645 ritu
682 2579 866 2662 diligenter,
890 2601 993 2663 usque
1021 2578 1097 2644 dum
1121 2576 1266 2661 Capnion

98 2684 135 2746 iu
151 2682 235 2748 libro
250 2683 348 2748 tertio
366 2684 418 2747 vix
433 2683 564 2749 tandem
581 2707 620 2749 ex
642 2685 789 2750 omuibus
805 2685 905 2750 sacris
921 2706 1019 2750 uuum
1036 2683 1134 2749 lhsuh
1150 2702 1266 2746 nomen

101 2786 240 2869 colligit,
265 2787 298 2852 irr
314 2788 400 2872 quod
422 2788 562 2854 omnium
583 2812 748 2855 sacrorum
766 2792 868 2855 virtus
886 2789 898 2827 ¹
915 2790 981 2854 sive
1001 2790 1027 2827 ¹⁰
1051 2793 1196 2872 potestas
1218 2806 1267 2851 re·

99 2893 223 2971 fertur,
256 2892 344 2976 quod
372 2901 421 2959 est
451 2916 579 2980 semper
607 2903 640 2960 et
668 2917 765 2979 super
788 2894 895 2959 omnia
917 2893 1133 2958 benedictum.
1180 2891 1223 2954 At
1240 2888 1264 2927 ¹¹

100 3017 187 3061 nurrc
210 2997 316 3080 ipsum
339 2997 504 3064 Sidonium
528 3001 706 3066 audiamus.

197 3111 211 3164 1
231 3125 272 3162 =
288 3108 459 3183 Autograph
474 3109 630 3169 Reuchlins
646 3111 676 3169 in
698 3112 750 3169 der
766 3109 884 3170 Beseler
904 3103 1160 3166 universitatsbibl.
1176 3103 1211 3161 A.
1228 3101 1264 3160 N.

671 3278 688 3316 2⁴

161 3392 352 3439 ltantumm.
399 3390 478 3440 aver
490 3391 595 3456 quidam
609 3391 681 3441 beari
695 3391 893 3458 ausgestrichsn
907 3397 927 3442 1.
975 3389 1139 3441 discilium.
1184 3390 1266 3434 tom-

99 3476 223 3526 nilaricm
236 3481 260 3527 2.
274 3481 298 3526 3.
351 3481 367 3527 5
388 3478 439 3528 Vor
452 3489 510 3546 post
524 3481 566 3530 ein
579 3472 642 3547 paor
656 3481 830 3531 unleserlichs
849 3478 1011 3530 buohstaben
1032 3473 1227 3541 ausgestrichen
1244 3476 1267 3521 1.

100 3565 308 3631 bcnpllionem
325 3571 347 3615 1.
403 3567 462 3617 lde
482 3568 604 3634 opinione
621 3568 859 3634 libcrgesehrieben
876 3574 898 3618 1.
954 3565 1056 3617 8Nnch
1075 3577 1100 3615 ct
1117 3564 1268 3615 charactere

100 3652 303 3719 sucgestrichen
318 3658 339 3703 1.
382 3657 397 3704 9
410 3657 493 3705 virtus
503 3657 559 3706 sive
572 3664 688 3723 potestas
702 3673 743 3707 aru
754 3657 835 3707 rande
851 3657 961 3707 refertur
974 3662 994 3704 1.
1040 3654 1143 3720 locive]
1158 3659 1234 3717 atque
1243 3654 1267 3700 3.

104 3746 134 3790 11
148 3744 261 3792 Alnunc
276 3747 298 3791 1.
318 3726 391 3792 liber
403 3742 450 3793 das
464 3746 543 3807 werk,
556 3745 614 3795 dem
627 3745 712 3795 dieser
723 3744 794 3796 brief
803 3745 843 3794 als
857 3744 965 3794 vorrede
979 3744 1058 3804 dicut,
1071 3742 1126 3806 vgl.
1139 3737 1267 3790 Reuchlin

100 3845 124 3879 s.
147 3831 196 3879 118
215 3829 257 3880 bis
280 3833 337 3882 184.
374 3834 439 3882 Dem
459 3833 746 3898 widmnngsschreiben
770 3833 842 3899 geht·
857 3836 883 3882 in
903 3832 952 3882 den
977 3830 1114 3896 susgaben
1139 3829 1182 3878 ein
1201 3826 1271 3876 briei

101 3917 149 3967 des
168 3917 273 3969 conrad
292 3920 449 3970 Leontorius
469 3936 501 3970 nn
520 3907 609 3972 Jalrob
629 3921 799 3987 Wirnpfeling
820 3922 931 3988 (Speicr,
950 3924 979 3969 21
997 3916 1071 3983 April
1088 3917 1165 3981 1494)
1178 3930 1268 3976 noran,

102 4007 216 4057 welcher
239 4007 321 4058 violes
345 4024 403 4058 num
431 4009 490 4059 lohe
511 4009 654 4060 chchlins
678 4010 731 4059 und
757 4011 845 4060 seines
870 4007 971 4058 werhcs
999 4003 1112 4064 enthblt,
1136 4003 1189 4053 und
1209 4004 1267 4053 cine

100 4095 264 4161 anlzthlung
282 4097 369 4147 seiner
387 4097 521 4159 schrilten,
541 4097 583 4148 die
602 4098 660 4148 dem
675 4097 826 4164 gleichsalls
839 4096 881 4147 bei
897 4091 1042 4144 nmerbcch
1062 4091 1267 4143 erecheinendeb

99 4183 364 4249 gelehrteulrataloge
383 4185 526 4236 'l'ritheims
551 4187 590 4235 als
615 4186 732 4236 material
753 4201 798 4235 zur
826 4184 980 4249 biographic
1004 4182 1147 4232 Rcuchlius
1172 4180 1267 4232 dions·

100 4272 186 4323 sollte.
226 4271 286 4336 vgl.
307 4272 348 4321 dic
376 4275 483 4324 letntere
508 4277 534 4324 iu
555 4275 693 4325 'reithemii
718 4290 776 4339 opp.
796 4273 855 4322 hist.
875 4271 915 4322 ed.
936 4271 1029 4321 l'reber
1049 4270 1168 4337 (Franks.
1189 4272 1266 4334 root)

100 4361 140 4410 vel
155 4362 164 4411 l
178 4377 199 4411 s.
218 4364 265 4409 171
283 4376 330 4425 sq,
349 4363 401 4412 und
419 4379 439 4412 s.
454 4365 505 4412 389
525 4363 577 4412 und
597 4364 646 4413 deu
663 4363 734 4414 bricl'
750 4364 796 4412 des
814 4361 969 4410 Leontorius
989 4369 1069 4410 unten
1081 4375 1135 4408 nro.
1149 4355 1268 4406 XLVlll.
