2798 4980
664 331 730 398 202

113 520 193 587 mihi
222 519 339 586 luisset
367 540 388 587 a
417 521 607 605 Stutgardic
637 520 837 605 Moguntiam
870 522 979 607 spatio
1014 528 1055 589 22
1096 523 1256 593 milliarium

114 626 409 706 alemannicornm,
442 648 513 712 qum
547 626 672 693 faciunt
702 626 775 710 plus
808 648 907 711 quam
943 634 1074 695 centum
1104 637 1137 696 et
1158 629 1256 709 decem,

112 731 224 799 leucas
246 731 368 815 legales
387 733 396 769 ¹
418 731 516 816 idque
540 733 572 796 in
589 732 703 799 diebus
720 739 861 817 quotuor
876 754 951 799 cum
965 733 1112 814 dimidio,
1133 735 1166 801 iu
1179 756 1256 801 consu

113 844 266 922 tangente
300 858 369 902 rem
402 838 540 902 maxime
575 836 721 916 arduam,
754 837 878 905 scilicet
900 838 1036 920 famam,
1071 839 1217 907 honorem
1234 846 1257 905 et

114 945 230 1029 capitis
266 943 519 1008 diminutionem.
565 943 639 1008 Misi
663 943 940 1026 procuratorem8
963 967 1038 1011 cum
1058 945 1215 1026 mandato,
1232 951 1258 1011 nt
1300 942 1304 953 '

112 1049 273 1119 Jacobum
296 1049 386 1114 illum
404 1049 656 1114 Praedicaterem
680 1069 751 1113 cnm
776 1050 844 1115 suis
867 1048 1089 1134 complicibus,
1112 1051 1257 1129 eratenim

113 1176 245 1222 suorum
271 1153 521 1220 fraterculorum
544 1160 675 1219 caterva
698 1154 855 1239 stipatus,
880 1155 1026 1239 jndicem
1056 1161 1216 1223 recusaret
1232 1162 1258 1221 nt

112 1260 277 1327 inimicum
309 1259 388 1326 milri
419 1266 518 1344 atque
549 1259 668 1326 libellis
700 1260 780 1325 meis
803 1281 901 1345 quam
924 1261 1065 1327 maxime
1089 1266 1257 1346 suspectum.
1302 1318 1304 1327 .

113 1365 206 1445 Quod
230 1365 386 1430 docebam
411 1387 469 1448 per
492 1364 612 1430 multos
634 1364 819 1431 articulos³
843 1366 876 1431 in
901 1366 1033 1450 scriptis
1056 1365 1257 1433 exhibitosud

114 1492 252 1556 quorum
285 1470 455 1535 veritatem
483 1469 685 1554 probandam
708 1471 741 1535 in
764 1471 943 1536 continenti
965 1492 1019 1537 mo
1042 1471 1148 1538 obtnln'
1168 1492 1256 1537 coram
1301 1452 1304 1461 ¹

113 1574 248 1643 arbitris
267 1575 350 1660 juris
374 1575 645 1660 commoriturum,
677 1582 711 1640 et
739 1576 899 1642 nominavi
929 1598 990 1661 pro
1019 1597 1095 1643 mea
1122 1583 1208 1661 parte
1227 1576 1258 1643 vi·

114 1682 233 1749 cerium
264 1680 408 1764 episcopi
431 1680 681 1746 wormaciensis
704 1678 727 1761 ⁴,
759 1688 890 1766 petent,
914 1688 949 1748 et
970 1682 1042 1767 ipse
1065 1705 1160 1749 suurn
1179 1680 1258 1749 nonsi-

113 1793 209 1853 naret
231 1786 411 1865 arbitrum,
443 1806 553 1850 coram
584 1786 702 1871 quibus
737 1809 777 1853 ea
808 1788 950 1872 suspicio
983 1787 1130 1872 legitime
1160 1787 1259 1853 renuet

115 1893 295 1979 probanda,
318 1897 418 1975 prout
441 1890 481 1956 de
500 1892 584 1975 jure.

204 2000 247 2064 At
270 1999 372 2063 irater
395 1996 538 2063 Jacobus
570 1997 726 2064 refutavit
747 2019 787 2064 ac
809 1999 916 2063 renuit
944 1998 993 2063 ire
1022 1998 1076 2063 via
1098 1998 1194 2083 juris,
1219 1994 1261 2061 sol

118 2111 156 2171 ut
187 2106 257 2188 ipse
292 2125 366 2169 cnm
400 2105 467 2169 suis
499 2103 735 2169 contribulibus
758 2102 930 2169 adversum
953 2125 1006 2169 me
1029 2103 1186 2169 hactenus
1205 2121 1260 2169 con·

116 2210 229 2285 suevit,
254 2209 406 2274 violentia
429 2209 507 2275 facti
531 2208 629 2292 elegit
651 2216 685 2273 et
708 2208 945 2274 recusationem
975 2208 1153 2275 admittere
1172 2206 1261 2275 noluit

116 2317 145 2381 A
178 2330 242 2399 quo
275 2316 460 2398 gravamine
494 2336 586 2380 mens
619 2320 813 2399 procurator
847 2311 1027 2397 appellavit
1054 2312 1067 2352 ⁵
1102 2313 1145 2381 ad
1173 2312 1261 2380 sedem

118 2420 349 2503 Apostolicam,
373 2422 424 2485 cni
447 2421 620 2506 Apostolos
636 2419 847 2485 refutatorios
861 2417 916 2483 ille
932 2417 1033 2483 dedit
1070 2419 1116 2484 Et
1130 2420 1175 2485 sic
1188 2414 1262 2483 finita

120 2532 172 2591 est
194 2525 262 2591 haec
285 2526 450 2591 instantia.
496 2528 615 2591 Postea
637 2548 713 2591 vero
743 2547 796 2590 me
824 2523 988 2590 nesciente
1017 2524 1124 2590 frater
1144 2523 1263 2592 lacobus

117 2631 226 2697 sactus
250 2638 299 2696 est
322 2654 409 2715 pars,
432 2633 487 2716 qui
510 2632 602 2716 prius
623 2631 724 2696 voluit
740 2652 811 2696 esse
829 2629 941 2715 judex,
964 2635 999 2694 et
1021 2651 1044 2695 a
1066 2629 1194 2697 domino
1213 2628 1264 2693 llo

119 2738 255 2822 guatino
286 2745 441 2822 tauquam
464 2738 628 2804 ordinario
651 2736 713 2801 loci
736 2736 836 2802 etiam
859 2734 1058 2800 adminiculo
1081 2731 1262 2821 imperialie⁶

113 2843 261 2911 mandati
290 2843 473 2927 surreptitii
502 2850 536 2909 et
563 2843 730 2926 obreptitii
753 2841 920 2925 delegatos
944 2840 1108 2926 quosdam
1130 2843 1263 2926 impetra·

115 2950 161 3015 vit
184 2949 422 3016 commissarios
446 2969 559 3013 omues
582 2948 771 3014 Themistas
801 2946 937 3012 etmihi
961 2967 1060 3030 quam
1085 2944 1268 3032 suspectissi-

115 3078 194 3133 mos,
223 3056 284 3121 sibi
311 3063 421 3121 autem
445 3055 667 3134 amicissimos,
697 3053 816 3139 quibus
847 3073 937 3118 suam
969 3058 1168 3136 praetensam
1192 3050 1269 3139 juris

116 3161 290 3227 dictionem
314 3159 546 3243 subdelegavit

206 3268 351 3351 Cumque
370 3267 438 3351 jam
461 3264 582 3331 vellent
596 3264 739 3330 alterum
755 3285 952 3348 processum,
975 3264 1043 3330 imo
1058 3264 1161 3331 alium
1175 3267 1270 3331 contu

116 3370 245 3437 libellus
267 3392 357 3437 meos
379 3372 569 3450 instituere,
599 3371 753 3436 timentes
783 3391 823 3435 ne
846 3369 932 3434 forte
955 3369 988 3433 in
1011 3391 1088 3436 msa
1118 3367 1272 3455 praesentia

120 3476 229 3559 ejure
253 3476 332 3541 nihil
355 3498 452 3560 agere
475 3482 619 3560 possent,
642 3474 817 3541 affixerunt
839 3474 971 3540 circiter
995 3480 1026 3539 6.
1042 3475 1117 3540 Kal.
1133 3473 1271 3541 Octobres

115 3601 210 3647 mrum
244 3580 286 3647 ael
323 3582 435 3647 ralras
467 3581 614 3647 eeclesiae
645 3582 778 3665 majoris
808 3580 985 3662 lloguntiae
1020 3579 1094 3645 loco
1128 3577 1273 3647 citationis

116 3684 281 3771 qnmldnm
305 3687 456 3769 generale
479 3687 631 3765 edietum,
655 3708 719 3751 nou
742 3687 867 3751 inserta
889 3685 957 3749 nlla
973 3685 1208 3766 commissione,
1229 3702 1274 3748 nec

116 3791 183 3859 ullo
219 3814 373 3878 expresso
406 3793 533 3858 nomine
566 3792 787 3871 citandornm,
819 3791 852 3855 in
887 3789 972 3855 hauc
996 3791 1208 3856 seutentiam:
1232 3792 1275 3871 ,ut

118 3900 265 3987 quisquis
293 3920 353 3965 sua
383 3906 517 3983 putaret
546 3900 718 3978 interesse,
751 3904 957 3981 compareret
980 3896 1063 3963 hora
1087 3899 1188 3963 tertia
1208 3897 1275 3982 ejus·

688 4031 708 4066 ss

190 4116 201 4162 1
223 4112 335 4163 Peneum
354 4117 381 4162 et
398 4108 498 4176 ducem]
518 4125 597 4175 prope
615 4110 765 4176 nonaginta
776 4124 860 4176 sagon
880 4107 923 4159 die
935 4114 995 4159 sota
1011 4125 1038 4159 ι.
1057 4123 1075 4158 c
1093 4109 1127 4160 0.
1198 4109 1296 4163 arm.

114 4197 209 4265 serrat]
229 4200 322 4250 Petrus
342 4197 433 4251 seeum
453 4197 485 4247 de
504 4198 658 4263 noningen,
678 4202 727 4246 wie
746 4213 796 4247 ans
815 4197 867 4246 den
885 4206 946 4247 scta
964 4213 997 4246 an
1016 4195 1138 4248 esseben.
1209 4197 1276 4246 ttr-

116 4284 223 4353 tieulosJ
241 4306 263 4338 e.
282 4298 341 4339 sets
361 4288 415 4338 iud.
435 4287 472 4336 Bu
490 4287 512 4336 B
530 4286 571 4335 iia.
645 4291 661 4335 4
681 4286 823 4354 t'icnrium]
842 4286 981 4336 lohannes
994 4285 1112 4336 Wacker
1131 4302 1152 4336 s.
1172 4303 1195 4337 o.
1216 4283 1276 4334 1499.

116 4374 221 4424 onere
239 4374 319 4425 ludin.
338 4376 362 4447 ΒΙ
379 4377 412 4425 lib
435 4376 472 4441 fg.
545 4376 643 4441 tlmp.
669 4375 768 4440 munel]
792 4376 842 4425 Ein
868 4374 989 4434 sulches,
1015 4389 1062 4423 nm
1088 4373 1161 4425 disse
1185 4373 1234 4423 seit
1249 4384 1278 4420 er·

118 4460 274 4517 renisurum
297 4464 332 4515 ist
356 4462 430 4517 nicht
454 4463 582 4517 erhalrem
619 4463 681 4531 t'gl.
705 4464 771 4515 uber
793 4464 837 4514 die
860 4461 1007 4531 enchlung
1029 4462 1162 4514 Reuchliu
1186 4476 1207 4513 s.
1229 4458 1277 4518 att.
