2798 4980
671 300 733 366 161

204 487 352 555 Summa:
381 488 418 553 lu
446 492 574 554 tantum
601 511 661 573 pro
692 488 750 556 tua
783 489 1002 557 dominatione
1026 513 1076 558 me
1100 492 1219 576 obtuli,
1242 498 1279 560 ut
1369 514 1371 518 “

111 594 204 676 prior
234 600 360 675 noster,
392 593 564 678 inquisitor
594 595 735 677 diceret,
764 617 799 662 se
830 617 894 661 non
922 618 1018 679 posse
1041 598 1179 681 amplius
1203 621 1224 665 a
1246 605 1279 665 ta

112 705 267 783 expetere
302 721 399 784 quam
434 720 492 783 ego
526 700 766 783 promittebam.
813 700 906 768 Unde
940 701 983 767 ad
1017 701 1078 769 hoc
1108 704 1281 770 deventum

113 811 164 869 cst
188 804 231 869 ad
254 825 360 870 meam
382 803 601 871 fidelissimam
623 805 822 887 instantiam,
846 812 883 873 ut
903 808 1023 873 iterum
1038 808 1080 873 ad
1097 814 1130 876 te
1144 811 1280 877 nuncius

112 910 243 976 nomine
279 909 444 976 facultatis
473 910 661 995 theologioae
688 912 699 950 ¹
730 911 853 992 veniat,
884 913 940 997 qui
970 917 1035 978 tuae
1070 915 1281 981 dominationi

112 1014 293 1081 insinuabit
315 1023 457 1082 mentem
479 1015 655 1098 facultatis,
680 1037 777 1102 quam
805 1038 845 1082 ex
872 1017 1003 1102 scriptis
1029 1020 1147 1103 prioris
1176 1020 1280 1086 nostri

114 1121 266 1202 accipies.
312 1121 358 1187 Ut
395 1127 506 1187 autem
535 1122 656 1202 omnia,
686 1122 801 1187 animae
832 1129 865 1188 ct
895 1145 1019 1204 rerum,
1053 1123 1217 1190 hominum
1247 1131 1280 1190 et

114 1225 376 1292 adversariorum
410 1227 556 1310 pericula
591 1227 725 1309 evadas,
754 1249 871 1313 meque
900 1249 1047 1294 veracem
1080 1230 1281 1313 comprobes,

114 1331 169 1416 qui
193 1338 258 1397 tua
285 1353 429 1417 syncera
445 1331 536 1413 fidei,
561 1332 600 1398 de
617 1354 682 1418 qua
697 1354 863 1418 nunquam
879 1333 1034 1414 dubitavi,
1059 1336 1279 1402 testimonium

113 1437 288 1502 maximum
312 1436 471 1521 perhibui,
496 1443 596 1520 tuum,
619 1439 760 1524 inquam,
785 1440 847 1506 crit
869 1445 944 1524 post
967 1439 1131 1523 exemplar
1161 1463 1278 1524 propo-

114 1543 282 1623 sitionum,
307 1542 394 1627 quod
418 1565 491 1608 cum
513 1544 728 1627 praesentibus
752 1546 863 1625 mitto,
892 1545 981 1612 ocius
1011 1544 1168 1611 conficere
1196 1553 1280 1612 trao-

112 1647 263 1728 tatulum,
287 1648 392 1716 adhuc
415 1650 449 1714 in
473 1650 622 1716 nundinis
647 1650 803 1733 proximis
831 1648 1173 1716 Franccfordicnsibus
1204 1672 1278 1716 ven·

114 1753 272 1835 dandum,
302 1776 365 1839 quo
394 1754 542 1821 omnibus
566 1755 764 1835 satisfacias,
794 1760 827 1821 et
855 1760 888 1819 te
919 1754 1122 1838 animamque
1145 1761 1235 1820 tuam
1258 1776 1278 1820 a

111 1865 270 1946 perpetuo
299 1860 416 1926 foetore
451 1860 590 1940 liberes,
632 1881 695 1925 non
730 1861 936 1944 compulsus,
972 1858 1030 1926 sed
1061 1864 1119 1924 tua
1154 1865 1278 1942 sponte.

114 1965 224 2031 Facile
247 1964 558 2045 invenies'modum,
583 1966 704 2051 quaid
728 1963 857 2046 efficies,
881 1952 994 2049 utpote
1016 1966 1279 2048 repraesentando

111 2072 253 2137 nuncin
276 2071 450 2136 formatum
481 2070 680 2156 theologum,
705 2071 761 2157 qui
790 2071 895 2154 prius,
918 2076 957 2136 ut
984 2092 1094 2138 rerum
1124 2070 1279 2156 theologi-

112 2196 222 2242 carum
249 2197 375 2260 expers,
398 2197 438 2240 ex
461 2181 608 2259 tempore
631 2176 801 2260 scripseris
823 2175 949 2260 legista.
1032 2250 1035 2255 ,

201 2281 267 2357 Oro
290 2303 349 2364 pro
373 2287 430 2347 tuo
452 2281 574 2347 honore
598 2288 632 2347 et
653 2303 727 2348 mea
750 2281 924 2363 charitate,
952 2303 993 2347 ne
1016 2281 1077 2348 tibi
1099 2280 1182 2346 hanc
1205 2279 1280 2347 suh-

112 2386 211 2451 eundi
238 2386 436 2470 provinciam
460 2385 636 2452 difficultas
667 2386 777 2472 aliqua
809 2387 861 2452 sit.
907 2385 990 2452 Nam
1020 2388 1081 2454 nisi
1111 2408 1196 2453 nunc
1222 2408 1279 2471 pa-

112 2491 227 2572 rueris,
258 2512 322 2556 non
349 2492 441 2558 video
473 2491 552 2576 quid
582 2489 720 2574 amplius
749 2514 808 2575 pro
841 2497 874 2558 te
903 2493 1034 2576 possim.
1081 2492 1148 2576 Age
1171 2493 1280 2576 igitur,

112 2616 182 2680 age,
204 2595 250 2661 mi
273 2594 460 2664 charissime
485 2598 607 2676 doctor,
632 2603 665 2663 et
687 2596 813 2683 aliquot
835 2602 947 2663 noctes
976 2598 1085 2663 ducito
1108 2597 1281 2676 insomnes,

113 2707 147 2768 et
178 2707 212 2767 te
241 2701 340 2787 atque
370 2708 445 2769 tuos
472 2702 593 2768 amicos
620 2703 725 2770 libera
751 2702 793 2768 ab
824 2702 911 2767 omni
937 2701 1032 2768 malo.
1082 2701 1189 2767 Facile
1220 2702 1284 2767 erit

113 2805 208 2892 sequi
231 2827 313 2892 quas
336 2807 430 2873 mitto
454 2807 695 2892 objurgationes
718 2807 836 2892 quibus
860 2806 973 2891 utique
989 2813 1145 2890 tanquam
1168 2804 1280 2871 solidis

112 2913 208 2977 inniti
232 2933 344 2978 secure
368 2918 472 2996 potes.
519 2913 642 2991 Quibus
666 2934 736 2978 cum
761 2918 794 2976 te
818 2909 1084 2990 conformaveris,
1107 2931 1201 2976 nemo
1224 2911 1280 2976 ad-

112 3039 245 3084 versum
283 3024 315 3083 te
346 3018 546 3101 praevalebit.
593 3020 636 3084 Et
671 3038 730 3083 ora
767 3015 974 3081 clamantium
1008 3013 1221 3081 obstruantur
1248 3021 1283 3081 et

112 3107 217 3189 honor
240 3129 317 3190 tuus
342 3123 450 3191 salvus
473 3125 544 3190 erit.
590 3124 700 3206 Spero,
725 3122 801 3206 quia
816 3119 957 3185 animam
973 3126 1007 3187 et
1021 3119 1176 3185 honorem
1192 3127 1284 3188 tuum

112 3249 179 3294 non
209 3229 360 3313 negliges.
407 3230 526 3312 Accipe
557 3249 629 3314 qnae
653 3227 760 3294 scribo
783 3223 1008 3311 syncerissimo
1038 3226 1146 3291 animo
1174 3226 1227 3310 pie
1251 3233 1285 3291 et

113 3333 213 3399 crede
244 3334 275 3399 ei
296 3334 361 3418 qui
390 3340 439 3414 te,
467 3355 531 3401 nou
562 3334 703 3416 seipsum
736 3332 862 3416 quaerit.
907 3331 973 3397 Oro
999 3331 1118 3396 iterum
1146 3338 1184 3398 ut
1213 3353 1286 3398 cum

113 3439 325 3522 praesentium
348 3439 453 3506 latore
475 3439 625 3506 facultati
640 3436 774 3517 scribas,
791 3443 830 3502 ut
844 3436 1022 3521 importuni
1038 3435 1285 3518 confundantur,

118 3545 198 3629 quia
221 3544 264 3609 ad
287 3551 398 3611 votum
422 3545 491 3629 ejus
514 3545 649 3610 licenter
672 3547 705 3607 et
728 3546 877 3625 prompte
901 3542 1074 3607 emendare
1089 3541 1177 3608 velis.
1216 3542 1287 3620 Quo

113 3647 187 3729 fiet,
215 3654 253 3715 nt
280 3671 338 3734 ago
367 3671 445 3715 vera
478 3648 642 3733 pollicitus
671 3646 711 3712 de
734 3651 768 3711 te
791 3646 917 3727 videar,
945 3651 979 3712 et
1007 3646 1096 3713 locus
1119 3646 1287 3712 calumniae

114 3753 260 3835 tollatur,
284 3755 345 3822 hoc
367 3777 495 3839 nanque
518 3776 577 3821 nos
601 3751 806 3818 commendat
829 3758 862 3816 ct
885 3752 917 3816 in
933 3750 1020 3817 nullo
1036 3750 1150 3816 obesse
1166 3754 1285 3832 potest.

115 3860 280 3926 laboravi
295 3860 481 3944 specialiter
489 3880 549 3944 pro
564 3859 613 3924 tui
623 3855 809 3923 defensione
819 3877 917 3940 super
927 3857 991 3922 isto
1003 3853 1141 3920 articulo
1152 3874 1214 3938 quo
1227 3851 1289 3917 tihi

113 3965 364 4051 impingebatur,
376 3967 466 4051 ‚quia
482 3964 675 4048 scripsisses,
692 3961 881 4028 Christr'rm2
897 3960 1038 4045 legitime
1063 3964 1096 4024 et
1114 3957 1288 4042 juridicea

690 4138 708 4179 *

191 4251 203 4299 l
224 4245 377 4316 Theologiaa
391 4253 416 4302 2.
451 4253 466 4299 2
480 4247 633 4300 Christum.
647 4284 653 4299 .
667 4240 878 4312 condemnatum]
888 4240 994 4296 daahat
1013 4242 1061 4294 nol
1072 4241 1202 4294 Reuchlin
1215 4240 1290 4292 nicht

112 4345 218 4406 gasagt,
232 4338 346 4388 sondern
360 4351 421 4392 nur:
435 4338 544 4388 darumb
558 4373 564 4387 .
579 4373 585 4387 .
600 4335 646 4386 das
657 4336 696 4385 sie
709 4332 856 4396 schreiben,
877 4333 924 4384 das
935 4334 1016 4383 «Iesus
1033 4332 1096 4381 hain
1108 4336 1156 4397 got
1169 4330 1216 4393 sei,
1227 4327 1290 4380 und

112 4424 201 4477 alles
222 4423 277 4475 das
297 4425 412 4478 darana
433 4426 487 4475 rol
494 4432 537 4492 gt,
557 4424 604 4475 das
624 4423 659 4473 ist
679 4424 702 4474 ir
715 4423 806 4489 glaub,
825 4421 878 4472 und
893 4421 999 4473 u'o‘llent
1013 4419 1223 4471 darmitnieman
1243 4432 1287 4483 ge·

142 4525 292 4569 Beuohssn
1045 4493 1090 4555 ⁴ll
