2580 4178
610 21 672 87 137

56 216 116 291 est,
147 211 181 276 in
212 211 370 296 principio
401 210 568 295 cujusdam
591 211 771 278 Baccalarii
803 215 835 279 in
868 219 1026 278 conventu
1054 214 1226 297 prandium

55 309 256 403 sumpsisset,
280 316 451 382 dicebatur
473 317 632 400 quomodo
656 319 785 384 libellus
810 321 846 383 D.
872 320 908 383 V.
930 323 939 357 ¹
976 325 1051 383 actu
1083 320 1224 384 traditus

56 429 145 488 esset
167 445 228 508 per
251 422 441 487 facultatem
465 423 598 487 Docton'
629 423 668 488 de
693 425 895 507 Tunga1·is2‚
927 424 981 508 qui
1009 425 1078 507 jam
1109 425 1227 506 princi-

56 528 141 616 palis
164 533 337 612 reputatur
360 528 445 591 inter
468 527 640 607 seculares,
656 535 693 594 ut
717 531 934 607 examinaret,
964 531 1047 594 sicut
1079 536 1111 593 et
1139 530 1226 594 facit.

56 634 139 699 Sunt
162 632 297 698 diversae
321 634 498 712 sententiae,
521 639 558 697 ut
574 634 858 720 audiui,'quidam,
884 636 957 718 quia
985 633 1115 698 libellus
1142 656 1227 698 oom-

56 721 204 817 buretur,
229 738 369 823 quidam,
394 738 469 822 quia
492 744 588 803 autor
611 740 802 824 inquiretur,
827 740 881 804 alii
898 740 994 803 aliter
1011 747 1071 803 etc.
1105 739 1226 822 Scripsi

54 844 138 923 alias
162 865 202 908 ex
218 843 383 926 Mogontia
406 845 649 926 proou1·atrici,³
671 852 708 909 ut
733 847 789 909 Dn.
810 846 843 908 V.
872 845 1030 910 avisatam
1060 844 1227 924 redderet,

56 950 144 1014 siout
179 949 276 1014 credo
311 948 397 1013 iecit.
448 948 518 1012 Non
550 948 663 1014 dubito
694 950 758 1015 ista
790 957 827 1015 ut
859 951 964 1014 scribo
999 949 1083 1014 bono
1115 950 1221 1013 animo

55 1055 233 1138 accipietis,
280 1053 476 1118 Commendo
507 1075 558 1118 me
582 1054 792 1120 dominationi
821 1064 935 1119 vestrae
965 1062 998 1119 et
1029 1062 1220 1119 conventum

54 1160 141 1225 hunc
165 1161 249 1224 sicut
271 1159 359 1242 patri
389 1166 422 1222 et
448 1157 634 1224 fidelissimo
664 1161 765 1224 tutori
797 1181 835 1224 ac
859 1162 970 1224 amico.
1018 1160 1159 1238 Curate,
1184 1161 1227 1222 mi

55 1264 191 1342 doctor,
223 1270 260 1329 ut
282 1263 364 1329 bene
389 1264 534 1330 valeatis.
581 1266 629 1330 Ex
653 1264 830 1331 Stainheim
854 1266 967 1349 quinta
989 1272 1064 1347 post
1087 1265 1221 1330 Ursulae.

56 1373 151 1436 Anno
177 1369 297 1434 MDXI.

147 1478 312 1538 Gedruckt:
341 1483 355 1536 1
378 1501 418 1532 =
435 1480 462 1538 J.
480 1497 507 1538 v.
527 1497 551 1538 e.
569 1498 597 1554 p.
619 1484 663 1537 2³.

584 1720 709 1785 CXXX.

132 1827 272 1892 stuttgart.
981 1830 1013 1876 28
1033 1829 1091 1877 Oet.
1114 1829 1190 1877 1511.

54 1939 217 2038 Egregio
237 1939 316 2012 viro
341 1951 376 2013 et
399 1938 704 2012 excellentissimo
729 1965 843 2012 sacrae
867 1940 1066 2038 theologiae
1087 1941 1228 2015 doctori

55 2063 209 2136 domino
220 2063 267 2136 N.
289 2062 335 2136 de
348 2062 529 2160 Tuugaris
548 2062 587 2133 in
600 2062 897 2160 splendidissima
912 2061 1123 2137 Coloniensi
1142 2065 1224 2137 urni-

53 2186 230 2260 versitate
239 2185 454 2258 cathedram
472 2186 783 2258 sanctissimarum
801 2186 1064 2285 scripturarum
1084 2188 1222 2260 tenenti

54 2297 210 2382 domino
229 2333 293 2380 suo
315 2334 427 2406 quam
446 2307 779 2380 observandissimo
803 2307 842 2409 [J
844 2310 1007 2381 ohannes
1025 2308 1223 2410 Reuchlin]

548 2429 585 2504 S.
609 2431 653 2502 D.
677 2429 746 2502 1³ss

146 2595 282 2678 Egregia
311 2600 369 2660 tua
398 2595 500 2659 virtus
531 2599 563 2657 et
593 2593 765 2676 sapientia,
799 2593 1068 2657 excellentissime
1101 2593 1227 2671 doctor,

53 2722 121 2785 qua
144 2701 177 2764 in
201 2708 268 2764 tam
291 2701 410 2765 illustri
433 2701 573 2764 omnium
597 2699 753 2762 bonarum
779 2699 997 2762 doctrinarum
1014 2698 1225 2762 universitate

52 2813 91 2870 ut
117 2806 164 2869 sol
189 2807 302 2884 astris,
334 2808 379 2870 sic
409 2814 444 2868 tu
476 2806 617 2887 optimus
649 2805 829 2888 quibusque
864 2810 1014 2886 prestas,
1044 2804 1076 2867 id
1107 2805 1223 2867 merito

53 2918 112 2975 tuo
137 2912 214 2974 fecit
231 2911 252 2990 ⁵,
275 2911 361 2994 quod
382 2932 486 2992 nuper
502 2910 696 2974 defensionis
720 2930 798 2973 meze
822 2887 935 2974 contla
956 2910 1101 2974 libellum
1124 2931 1228 2992 quen-

53 3017 132 3080 dam
156 3016 314 3080 famosum
338 3017 492 3080 adversus
516 3037 566 3078 me
591 3017 731 3097 turpiter
755 3016 876 3078 editum
901 3037 1029 3093 censor,
1058 3023 1096 3079 ut
1119 3016 1228 3094 audio,

6 3195 9 3198 y
52 3144 74 3186 a
110 3122 287 3185 reverendo
321 3122 572 3186 clarissimorum
609 3121 832 3201 theologorum
870 3120 1003 3201 collegio
1040 3122 1084 3185 sis
1121 3121 1228 3184 datus.

54 3228 126 3304 Quo
158 3227 252 3310 plane
282 3225 406 3309 gaudeo
438 3234 470 3289 te
498 3226 576 3289 mihi
604 3226 702 3288 talem
736 3232 925 3308 tantumque
955 3226 1147 3307 contigisse,
1172 3227 1227 3309 qui

52 3332 199 3416 posses6
228 3334 367 3415 compati
391 3332 538 3396 humanis
562 3329 822 3408 infirmitatibus,
852 3332 956 3393 virum
985 3336 1052 3393 tam
1085 3331 1228 3409 doctum,

53 3446 124 3502 tam
148 3437 296 3519 peritum,
322 3446 355 3501 et
378 3439 461 3502 forte
485 3440 518 3501 in
543 3439 607 3499 vita
631 3436 741 3500 multis
767 3458 893 3519 quoque
925 3436 1111 3499 mortalium
1142 3436 1225 3517 peri-

52 3542 136 3607 culis
161 3548 354 3626 temptatum
372 3544 393 3607 l.
440 3543 503 3607 Ubi
518 3564 576 3626 pro
593 3548 649 3605 tua
666 3541 1071 3623 exuberantiperspicacia
1087 3539 1222 3617 videbis,

637 3688 653 3725 ²12

130 3785 140 3827 1
165 3780 359 3828 Dominationis
384 3786 484 3827 vestrae.
559 3782 572 3825 2
594 3777 693 3826 Arnold
717 3793 741 3824 v.
763 3777 901 3838 Tungern,
926 3774 978 3838 vgl.
1004 3773 1125 3838 Bbolring
1144 3775 1231 3840 suppl.

52 3870 86 3928 ll,
109 3885 133 3934 p.
159 3870 219 3917 490.
294 3870 308 3915 3
337 3869 399 3916 Wer
425 3868 496 3915 diese
520 3867 704 3915 besebiitnerin
738 3862 882 3910 Reuohlins
909 3863 954 3921 ist,
986 3858 1052 3910 weill
1078 3863 1119 3911 ich
1148 3864 1231 3913 nicbt.

52 3961 68 4005 4
89 3957 165 4005 Obue
186 3955 327 4005 aufscluift
350 3962 370 4004 l.
407 3955 524 4004 Joannes
545 3955 673 4004 Renchlin
693 3951 850 4000 Pborcensis
871 3949 921 3997 LL.
942 3948 998 3998 doc.
1020 3951 1128 4015 egregio
1149 3967 1230 4001 sacrae

52 4043 197 4108 theologia
219 4043 319 4093 doctori
347 4043 530 4107 delongaris
552 4043 575 4091 S.
596 4045 630 4092 D.
653 4045 680 4091 P.
702 4046 725 4088 2.
800 4039 910 4086 bFacit
933 4044 953 4086 1.
981 4054 1037 4088 mee
1058 4038 1112 4087 und
1137 4039 1230 4088 durch·

129 4133 134 4143 '
221 4135 233 4146 ''
505 4132 510 4142 “
686 4143 957 4178 υ,·ιι,,εεει
1014 4149 1020 4172 u
1068 4133 1230 4177 ttatr·

404 4147 561 4178 rm.
