<?xml version="1.0" encoding="UTF-8"?>
<!DOCTYPE html PUBLIC "-//W3C//DTD XHTML 1.0 Transitional//EN"
    "http://www.w3.org/TR/xhtml1/DTD/xhtml1-transitional.dtd">
<html xmlns="http://www.w3.org/1999/xhtml" xml:lang="en" lang="en">
 <head>
  <title>
</title>
<meta http-equiv="Content-Type" content="text/html;charset=utf-8" />
  <meta name='ocr-system' content='tesseract 3.04.00' />
  <meta name='ocr-capabilities' content='ocr_page ocr_carea ocr_par ocr_line ocrx_word'/>
</head>
<body>
  <div class='ocr_page' id='page_1' title='image "./johannreuchlins01reucgoog/johannreuchlins01reucgoog_0027.png"; bbox 0 0 2798 4980; ppageno 0'>
   <div class='ocr_carea' id='block_1_1' title="bbox 652 347 693 413">
    <p class='ocr_par' dir='ltr' id='par_1_1' title="bbox 652 347 693 413">
     <span class='ocr_line' id='line_1_1' title="bbox 652 347 693 413; baseline 0 0"><span class='ocrx_word' id='word_1_1' title='bbox 652 347 693 413; x_wconf 83' lang='lat'>15</span> 
     </span>
    </p>
   </div>
   <div class='ocr_carea' id='block_1_2' title="bbox 81 540 1253 938">
    <p class='ocr_par' dir='ltr' id='par_1_2' title="bbox 81 540 1253 818">
     <span class='ocr_line' id='line_1_2' title="bbox 81 540 1253 623; baseline 0.006 -21"><span class='ocrx_word' id='word_1_2' title='bbox 81 557 144 622; x_wconf 91' lang='lat' dir='ltr'>que</span> <span class='ocrx_word' id='word_1_3' title='bbox 169 559 244 602; x_wconf 91' lang='lat' dir='ltr'>cum</span> <span class='ocrx_word' id='word_1_4' title='bbox 268 560 396 622; x_wconf 81' lang='lat' dir='ltr'>semper</span> <span class='ocrx_word' id='word_1_5' title='bbox 418 544 529 618; x_wconf 86' lang='lat' dir='ltr'>antea,</span> <span class='ocrx_word' id='word_1_6' title='bbox 553 545 622 603; x_wconf 89' lang='lat' dir='ltr'>tum</span> <span class='ocrx_word' id='word_1_7' title='bbox 647 540 754 618; x_wconf 91' lang='lat' dir='ltr'>etiam,</span> <span class='ocrx_word' id='word_1_8' title='bbox 780 540 888 623; x_wconf 90' lang='lat' dir='ltr'>quoad</span> <span class='ocrx_word' id='word_1_9' title='bbox 910 541 1030 623; x_wconf 87' lang='lat' dir='ltr'>vixero,</span> <span class='ocrx_word' id='word_1_10' title='bbox 1054 540 1253 609; x_wconf 83' lang='lat' dir='ltr'><strong>charissime.</strong></span> 
     </span>
     <span class='ocr_line' id='line_1_3' title="bbox 81 642 1252 730; baseline 0.006 -22"><span class='ocrx_word' id='word_1_11' title='bbox 81 642 161 708; x_wconf 86' lang='lat' dir='ltr'>Vale</span> <span class='ocrx_word' id='word_1_12' title='bbox 189 644 223 707; x_wconf 92' lang='lat' dir='ltr'>in</span> <span class='ocrx_word' id='word_1_13' title='bbox 241 644 370 710; x_wconf 83' lang='lat' dir='ltr'>Christo</span> <span class='ocrx_word' id='word_1_14' title='bbox 400 645 547 710; x_wconf 79' lang='lat' dir='ltr'>feliciter.</span> <span class='ocrx_word' id='word_1_15' title='bbox 593 645 642 708; x_wconf 83' lang='lat' dir='ltr'>Ex</span> <span class='ocrx_word' id='word_1_16' title='bbox 671 645 860 727; x_wconf 83' lang='lat' dir='ltr'>Stutgardia</span> <span class='ocrx_word' id='word_1_17' title='bbox 887 651 935 710; x_wconf 91' lang='lat' dir='ltr'>ll.</span> <span class='ocrx_word' id='word_1_18' title='bbox 961 647 1010 711; x_wconf 89' lang='lat' dir='ltr'>Kl.</span> <span class='ocrx_word' id='word_1_19' title='bbox 1035 649 1114 730; x_wconf 85' lang='lat' dir='ltr'><strong>Aug.</strong></span> <span class='ocrx_word' id='word_1_20' title='bbox 1160 649 1252 721; x_wconf 87' lang='lat' dir='ltr'>Auno</span> 
     </span>
     <span class='ocr_line' id='line_1_4' title="bbox 83 748 1114 818; baseline 0.005 -6"><span class='ocrx_word' id='word_1_21' title='bbox 83 753 181 813; x_wconf 85' lang='grc'><strong>1488.</strong></span> <span class='ocrx_word' id='word_1_22' title='bbox 234 750 277 814; x_wconf 90' lang='grc' dir='ltr'>Μ.</span> <span class='ocrx_word' id='word_1_23' title='bbox 302 750 447 815; x_wconf 80' lang='lat' dir='ltr'>loannes</span> <span class='ocrx_word' id='word_1_24' title='bbox 471 748 627 814; x_wconf 87' lang='lat' dir='ltr'>Reuchlin</span> <span class='ocrx_word' id='word_1_25' title='bbox 651 749 843 816; x_wconf 89' lang='lat' dir='ltr'>Phorcensis</span> <span class='ocrx_word' id='word_1_26' title='bbox 867 751 901 815; x_wconf 88' lang='lat' dir='ltr'>L.</span> <span class='ocrx_word' id='word_1_27' title='bbox 926 752 960 816; x_wconf 85' lang='lat' dir='ltr'>L.</span> <span class='ocrx_word' id='word_1_28' title='bbox 984 753 1114 818; x_wconf 90' lang='lat' dir='ltr'>Doctor.</span> 
     </span>
    </p>

    <p class='ocr_par' dir='ltr' id='par_1_3' title="bbox 175 858 1250 938">
     <span class='ocr_line' id='line_1_5' title="bbox 175 858 1250 938; baseline 0.006 -22"><span class='ocrx_word' id='word_1_29' title='bbox 175 864 189 916; x_wconf 87' lang='grc'>1</span> <span class='ocrx_word' id='word_1_30' title='bbox 212 881 253 910; x_wconf 89' lang='lat'><strong><em>=</em></strong></span> <span class='ocrx_word' id='word_1_31' title='bbox 269 859 469 919; x_wconf 85' lang='lat' dir='ltr'>Sammelband</span> <span class='ocrx_word' id='word_1_32' title='bbox 485 859 537 917; x_wconf 86' lang='lat' dir='ltr'>der</span> <span class='ocrx_word' id='word_1_33' title='bbox 552 858 654 918; x_wconf 82' lang='lat' dir='ltr'>Rasler</span> <span class='ocrx_word' id='word_1_34' title='bbox 669 860 828 919; x_wconf 85' lang='lat' dir='ltr'>bibliothek</span> <span class='ocrx_word' id='word_1_35' title='bbox 845 859 925 932; x_wconf 89' lang='lat' dir='ltr'>(mse.</span> <span class='ocrx_word' id='word_1_36' title='bbox 942 862 977 919; x_wconf 86' lang='lat' dir='ltr'>E.</span> <span class='ocrx_word' id='word_1_37' title='bbox 1000 861 1052 936; x_wconf 90' lang='lat' dir='ltr'>III,</span> <span class='ocrx_word' id='word_1_38' title='bbox 1073 863 1136 938; x_wconf 80' lang='lat'>15.)</span> <span class='ocrx_word' id='word_1_39' title='bbox 1153 861 1202 923; x_wconf 92' lang='lat' dir='ltr'>fol.</span> <span class='ocrx_word' id='word_1_40' title='bbox 1224 869 1250 922; x_wconf 94' lang='lat'>1.</span> 
     </span>
    </p>
   </div>
   <div class='ocr_carea' id='block_1_3' title="bbox 155 1034 1216 1187">
    <p class='ocr_par' dir='ltr' id='par_1_4' title="bbox 155 1034 1216 1187">
     <span class='ocr_line' id='line_1_6' title="bbox 635 1034 703 1100; baseline 0 -1"><span class='ocrx_word' id='word_1_41' title='bbox 635 1034 703 1100; x_wconf 89' lang='lat' dir='ltr'>XV.</span> 
     </span>
     <span class='ocr_line' id='line_1_7' title="bbox 155 1121 1216 1187; baseline 0.005 -17"><span class='ocrx_word' id='word_1_42' title='bbox 155 1121 296 1187; x_wconf 74' lang='lat' dir='ltr'><strong>stuttgart.</strong></span> <span class='ocrx_word' id='word_1_43' title='bbox 1024 1142 1027 1147; x_wconf 83' lang='lat'><strong>·</strong></span> <span class='ocrx_word' id='word_1_44' title='bbox 1141 1128 1216 1176; x_wconf 83' lang='lat'>1488.</span> 
     </span>
    </p>
   </div>
   <div class='ocr_carea' id='block_1_4' title="bbox 109 1219 1225 1304">
    <p class='ocr_par' dir='ltr' id='par_1_5' title="bbox 109 1219 1225 1304">
     <span class='ocr_line' id='line_1_8' title="bbox 109 1219 1225 1304; baseline 0.005 -6"><span class='ocrx_word' id='word_1_45' title='bbox 109 1225 172 1299; x_wconf 83' lang='lat' dir='ltr'>Jo.</span> <span class='ocrx_word' id='word_1_46' title='bbox 202 1226 386 1301; x_wconf 84' lang='lat' dir='ltr'>Reuohlin</span> <span class='ocrx_word' id='word_1_47' title='bbox 413 1226 633 1301; x_wconf 89' lang='lat' dir='ltr'>Phorcensis</span> <span class='ocrx_word' id='word_1_48' title='bbox 661 1226 697 1301; x_wconf 79' lang='lat' dir='ltr'>S.</span> <span class='ocrx_word' id='word_1_49' title='bbox 728 1227 772 1300; x_wconf 88' lang='lat' dir='ltr'>D.</span> <span class='ocrx_word' id='word_1_50' title='bbox 802 1219 851 1301; x_wconf 65' lang='lat' dir='ltr'>P.</span> <span class='ocrx_word' id='word_1_51' title='bbox 902 1229 1051 1303; x_wconf 89' lang='lat' dir='ltr'>Doctori</span> <span class='ocrx_word' id='word_1_52' title='bbox 1079 1230 1225 1304; x_wconf 80' lang='lat' dir='ltr'>Jacobo</span> 
     </span>
    </p>
   </div>
   <div class='ocr_carea' id='block_1_5' title="bbox 181 1348 1145 1449">
    <p class='ocr_par' dir='ltr' id='par_1_6' title="bbox 181 1348 1145 1449">
     <span class='ocr_line' id='line_1_9' title="bbox 181 1348 1145 1449; baseline 0.006 -28"><span class='ocrx_word' id='word_1_53' title='bbox 181 1349 330 1435; x_wconf 84' lang='lat' dir='ltr'>Louber</span> <span class='ocrx_word' id='word_1_54' title='bbox 349 1349 527 1449; x_wconf 79' lang='lat' dir='ltr'>Supremo</span> <span class='ocrx_word' id='word_1_55' title='bbox 547 1348 779 1423; x_wconf 72' lang='lat' dir='ltr'>Charthusiae</span> <span class='ocrx_word' id='word_1_56' title='bbox 800 1351 1013 1425; x_wconf 85' lang='lat' dir='ltr'>Basiliensis</span> <span class='ocrx_word' id='word_1_57' title='bbox 1032 1353 1145 1427; x_wconf 82' lang='lat' dir='ltr'>Patri.</span> 
     </span>
    </p>
   </div>
   <div class='ocr_carea' id='block_1_6' title="bbox 62 1495 1331 4209">
    <p class='ocr_par' dir='ltr' id='par_1_7' title="bbox 62 1495 1331 4209">
     <span class='ocr_line' id='line_1_10' title="bbox 173 1495 1253 1581; baseline 0.006 -21"><span class='ocrx_word' id='word_1_58' title='bbox 173 1497 272 1561; x_wconf 83' lang='lat' dir='ltr'>Recte</span> <span class='ocrx_word' id='word_1_59' title='bbox 295 1495 421 1560; x_wconf 83' lang='lat' dir='ltr'>felicem</span> <span class='ocrx_word' id='word_1_60' title='bbox 439 1496 583 1580; x_wconf 87' lang='lat' dir='ltr'>judicavi</span> <span class='ocrx_word' id='word_1_61' title='bbox 606 1496 750 1580; x_wconf 84' lang='lat' dir='ltr'>proxime</span> <span class='ocrx_word' id='word_1_62' title='bbox 776 1505 927 1581; x_wconf 90' lang='lat' dir='ltr'>quartum</span> <span class='ocrx_word' id='word_1_63' title='bbox 950 1499 1114 1565; x_wconf 85' lang='lat' dir='ltr'>Kalendas</span> <span class='ocrx_word' id='word_1_64' title='bbox 1138 1497 1253 1566; x_wconf 88' lang='lat' dir='ltr'>Junias</span> 
     </span>
     <span class='ocr_line' id='line_1_11' title="bbox 78 1601 1254 1690; baseline 0.004 -24"><span class='ocrx_word' id='word_1_65' title='bbox 78 1608 174 1666; x_wconf 91' lang='lat' dir='ltr'>tuam</span> <span class='ocrx_word' id='word_1_66' title='bbox 198 1601 426 1685; x_wconf 88' lang='lat' dir='ltr'>dignationem,</span> <span class='ocrx_word' id='word_1_67' title='bbox 443 1623 514 1666; x_wconf 89' lang='lat' dir='ltr'>cum</span> <span class='ocrx_word' id='word_1_68' title='bbox 539 1602 671 1666; x_wconf 89' lang='lat' dir='ltr'>aderam</span> <span class='ocrx_word' id='word_1_69' title='bbox 695 1602 728 1665; x_wconf 91' lang='lat' dir='ltr'>in</span> <span class='ocrx_word' id='word_1_70' title='bbox 751 1603 831 1666; x_wconf 89' lang='lat' dir='ltr'>aede</span> <span class='ocrx_word' id='word_1_71' title='bbox 855 1609 922 1682; x_wconf 90' lang='lat' dir='ltr'>tua,</span> <span class='ocrx_word' id='word_1_72' title='bbox 948 1605 1034 1688; x_wconf 90' lang='lat' dir='ltr'>quod</span> <span class='ocrx_word' id='word_1_73' title='bbox 1057 1611 1089 1670; x_wconf 88' lang='lat' dir='ltr'>te</span> <span class='ocrx_word' id='word_1_74' title='bbox 1113 1607 1254 1690; x_wconf 87' lang='lat' dir='ltr'>accepis·</span> 
     </span>
     <span class='ocr_line' id='line_1_12' title="bbox 80 1705 1253 1777; baseline 0.004 -5"><span class='ocrx_word' id='word_1_75' title='bbox 80 1729 151 1772; x_wconf 90' lang='lat' dir='ltr'>sem</span> <span class='ocrx_word' id='word_1_76' title='bbox 177 1706 265 1772; x_wconf 84' lang='lat' dir='ltr'>velut</span> <span class='ocrx_word' id='word_1_77' title='bbox 279 1705 418 1770; x_wconf 91' lang='lat' dir='ltr'>alterum</span> <span class='ocrx_word' id='word_1_78' title='bbox 433 1707 453 1771; x_wconf 86' lang='lat' dir='ltr'><strong>J</strong></span> <span class='ocrx_word' id='word_1_79' title='bbox 455 1706 586 1771; x_wconf 89' lang='lat' dir='ltr'>archam</span> <span class='ocrx_word' id='word_1_80' title='bbox 610 1709 696 1772; x_wconf 90' lang='lat' dir='ltr'>inter</span> <span class='ocrx_word' id='word_1_81' title='bbox 712 1708 837 1773; x_wconf 91' lang='lat' dir='ltr'>divinos</span> <span class='ocrx_word' id='word_1_82' title='bbox 853 1709 1072 1775; x_wconf 88' lang='lat' dir='ltr'>Brachmanos</span> <span class='ocrx_word' id='word_1_83' title='bbox 1088 1711 1121 1774; x_wconf 91' lang='lat' dir='ltr'>in</span> <span class='ocrx_word' id='word_1_84' title='bbox 1137 1717 1253 1777; x_wconf 89' lang='lat' dir='ltr'>senatu</span> 
     </span>
     <span class='ocr_line' id='line_1_13' title="bbox 79 1811 1252 1897; baseline 0.003 -21"><span class='ocrx_word' id='word_1_85' title='bbox 79 1813 158 1877; x_wconf 87' lang='lat' dir='ltr'>istic</span> <span class='ocrx_word' id='word_1_86' title='bbox 182 1834 253 1876; x_wconf 90' lang='lat' dir='ltr'>cum</span> <span class='ocrx_word' id='word_1_87' title='bbox 278 1811 440 1895; x_wconf 83' lang='lat' dir='ltr'>praefectis</span> <span class='ocrx_word' id='word_1_88' title='bbox 464 1812 569 1877; x_wconf 88' lang='lat' dir='ltr'>ordini</span> <span class='ocrx_word' id='word_1_89' title='bbox 598 1813 778 1897; x_wconf 85' lang='lat' dir='ltr'>festivoque</span> <span class='ocrx_word' id='word_1_90' title='bbox 808 1813 921 1878; x_wconf 88' lang='lat' dir='ltr'>sedere</span> <span class='ocrx_word' id='word_1_91' title='bbox 945 1821 1111 1880; x_wconf 89' lang='lat' dir='ltr'>conventu.</span> <span class='ocrx_word' id='word_1_92' title='bbox 1158 1816 1252 1881; x_wconf 88' lang='lat' dir='ltr'>Unde</span> 
     </span>
     <span class='ocr_line' id='line_1_14' title="bbox 80 1917 1323 2002; baseline 0.001 -20"><span class='ocrx_word' id='word_1_93' title='bbox 80 1918 172 2002; x_wconf 91' lang='lat' dir='ltr'>quod</span> <span class='ocrx_word' id='word_1_94' title='bbox 196 1924 304 1982; x_wconf 91' lang='lat' dir='ltr'>tecum</span> <span class='ocrx_word' id='word_1_95' title='bbox 327 1940 386 2001; x_wconf 88' lang='lat' dir='ltr'>pro</span> <span class='ocrx_word' id='word_1_96' title='bbox 414 1924 528 1982; x_wconf 93' lang='lat' dir='ltr'>nostra</span> <span class='ocrx_word' id='word_1_97' title='bbox 550 1917 639 1982; x_wconf 88' lang='lat' dir='ltr'>haud</span> <span class='ocrx_word' id='word_1_98' title='bbox 662 1918 795 2001; x_wconf 83' lang='lat' dir='ltr'>ignobili</span> <span class='ocrx_word' id='word_1_99' title='bbox 819 1920 1050 1986; x_wconf 90' lang='lat' dir='ltr'>consuetudine</span> <span class='ocrx_word' id='word_1_100' title='bbox 1075 1942 1184 1986; x_wconf 91' lang='lat' dir='ltr'>coram</span> <span class='ocrx_word' id='word_1_101' title='bbox 1207 1921 1253 1985; x_wconf 89' lang='lat' dir='ltr'>lo·</span> <span class='ocrx_word' id='word_1_102' title='bbox 1319 1975 1323 1983; x_wconf 89' lang='lat'>.</span> 
     </span>
     <span class='ocr_line' id='line_1_15' title="bbox 79 2019 1320 2110; baseline 0.002 -22"><span class='ocrx_word' id='word_1_103' title='bbox 79 2030 179 2088; x_wconf 91' lang='lat' dir='ltr'>cutus</span> <span class='ocrx_word' id='word_1_104' title='bbox 208 2023 341 2089; x_wconf 81' lang='lat' dir='ltr'>fuissem</span> <span class='ocrx_word' id='word_1_105' title='bbox 369 2023 403 2087; x_wconf 92' lang='lat' dir='ltr'>id</span> <span class='ocrx_word' id='word_1_106' title='bbox 430 2024 537 2088; x_wconf 89' lang='lat' dir='ltr'>facere</span> <span class='ocrx_word' id='word_1_107' title='bbox 566 2024 635 2088; x_wconf 89' lang='lat' dir='ltr'>sola</span> <span class='ocrx_word' id='word_1_108' title='bbox 664 2045 736 2088; x_wconf 86' lang='lat' dir='ltr'>mea</span> <span class='ocrx_word' id='word_1_109' title='bbox 759 2025 942 2090; x_wconf 88' lang='lat' dir='ltr'>reverentia</span> <span class='ocrx_word' id='word_1_110' title='bbox 966 2048 1036 2090; x_wconf 92' lang='lat' dir='ltr'>sum</span> <span class='ocrx_word' id='word_1_111' title='bbox 1060 2026 1252 2110; x_wconf 92' lang='lat' dir='ltr'>prohibitus.</span> <span class='ocrx_word' id='word_1_112' title='bbox 1302 2019 1320 2069; x_wconf 69' lang='lat'>&#39;-</span> 
     </span>
     <span class='ocr_line' id='line_1_16' title="bbox 81 2128 1252 2215; baseline 0.003 -22"><span class='ocrx_word' id='word_1_113' title='bbox 81 2129 228 2193; x_wconf 80' lang='lat' dir='ltr'>Tametsi</span> <span class='ocrx_word' id='word_1_114' title='bbox 259 2129 402 2193; x_wconf 92' lang='lat' dir='ltr'>nonnihil</span> <span class='ocrx_word' id='word_1_115' title='bbox 430 2149 529 2211; x_wconf 89' lang='lat' dir='ltr'>penes</span> <span class='ocrx_word' id='word_1_116' title='bbox 561 2135 593 2192; x_wconf 90' lang='lat' dir='ltr'>te</span> <span class='ocrx_word' id='word_1_117' title='bbox 624 2128 701 2193; x_wconf 91' lang='lat' dir='ltr'>mibi</span> <span class='ocrx_word' id='word_1_118' title='bbox 729 2135 797 2193; x_wconf 93' lang='lat' dir='ltr'>tum</span> <span class='ocrx_word' id='word_1_119' title='bbox 822 2129 883 2195; x_wconf 90' lang='lat' dir='ltr'>fuit</span> <span class='ocrx_word' id='word_1_120' title='bbox 906 2131 1029 2213; x_wconf 85' lang='lat' dir='ltr'>negocii</span> <span class='ocrx_word' id='word_1_121' title='bbox 1054 2132 1140 2215; x_wconf 88' lang='lat' dir='ltr'>quod</span> <span class='ocrx_word' id='word_1_122' title='bbox 1164 2137 1252 2197; x_wconf 89' lang='lat' dir='ltr'>certe</span> 
     </span>
     <span class='ocr_line' id='line_1_17' title="bbox 83 2232 1331 2318; baseline 0.005 -22"><span class='ocrx_word' id='word_1_123' title='bbox 83 2232 221 2297; x_wconf 90' lang='lat' dir='ltr'>daturus</span> <span class='ocrx_word' id='word_1_124' title='bbox 253 2243 324 2298; x_wconf 84' lang='lat' dir='ltr'>sum&#39;</span> <span class='ocrx_word' id='word_1_125' title='bbox 354 2255 486 2316; x_wconf 90' lang='lat' dir='ltr'>operam</span> <span class='ocrx_word' id='word_1_126' title='bbox 517 2256 601 2298; x_wconf 88' lang='lat' dir='ltr'>nunc</span> <span class='ocrx_word' id='word_1_127' title='bbox 625 2240 714 2299; x_wconf 87' lang='lat' dir='ltr'>tuam</span> <span class='ocrx_word' id='word_1_128' title='bbox 739 2234 955 2318; x_wconf 83' lang='lat' dir='ltr'>dignationem</span> <span class='ocrx_word' id='word_1_129' title='bbox 980 2258 1039 2318; x_wconf 91' lang='lat' dir='ltr'>per</span> <span class='ocrx_word' id='word_1_130' title='bbox 1062 2237 1189 2302; x_wconf 77' lang='lat' dir='ltr'>litteras</span> <span class='ocrx_word' id='word_1_131' title='bbox 1211 2258 1252 2302; x_wconf 90' lang='lat' dir='ltr'>ne</span> <span class='ocrx_word' id='word_1_132' title='bbox 1328 2232 1331 2237; x_wconf 64' lang='grc'>’</span> 
     </span>
     <span class='ocr_line' id='line_1_18' title="bbox 62 2337 1252 2426; baseline 0.004 -24"><span class='ocrx_word' id='word_1_133' title='bbox 62 2337 196 2402; x_wconf 83' lang='lat' dir='ltr'>celem.</span> <span class='ocrx_word' id='word_1_134' title='bbox 243 2338 335 2402; x_wconf 89' lang='lat' dir='ltr'>Facit</span> <span class='ocrx_word' id='word_1_135' title='bbox 358 2338 493 2417; x_wconf 85' lang='lat' dir='ltr'>Jacobe,</span> <span class='ocrx_word' id='word_1_136' title='bbox 517 2340 566 2403; x_wconf 84' lang='lat' dir='ltr'>vir</span> <span class='ocrx_word' id='word_1_137' title='bbox 582 2340 721 2403; x_wconf 88' lang='lat' dir='ltr'>omnium</span> <span class='ocrx_word' id='word_1_138' title='bbox 733 2339 832 2422; x_wconf 85' lang='lat' dir='ltr'>justis</span> <span class='ocrx_word' id='word_1_139' title='bbox 856 2341 895 2404; x_wconf 91' lang='lat' dir='ltr'>de</span> <span class='ocrx_word' id='word_1_140' title='bbox 913 2342 1017 2406; x_wconf 91' lang='lat' dir='ltr'>causis</span> <span class='ocrx_word' id='word_1_141' title='bbox 1037 2343 1252 2426; x_wconf 89' lang='lat' dir='ltr'>integerrime,</span> 
     </span>
     <span class='ocr_line' id='line_1_19' title="bbox 83 2442 1253 2527; baseline 0.005 -21"><span class='ocrx_word' id='word_1_142' title='bbox 83 2442 136 2506; x_wconf 88' lang='lat' dir='ltr'>vel</span> <span class='ocrx_word' id='word_1_143' title='bbox 167 2443 365 2508; x_wconf 88' lang='lat' dir='ltr'>incredibilis</span> <span class='ocrx_word' id='word_1_144' title='bbox 389 2465 461 2508; x_wconf 87' lang='lat' dir='ltr'>mea</span> <span class='ocrx_word' id='word_1_145' title='bbox 486 2464 563 2527; x_wconf 87' lang='lat' dir='ltr'>erga</span> <span class='ocrx_word' id='word_1_146' title='bbox 590 2450 623 2509; x_wconf 90' lang='lat' dir='ltr'>te</span> <span class='ocrx_word' id='word_1_147' title='bbox 647 2446 810 2509; x_wconf 86' lang='lat' dir='ltr'>veneratio</span> <span class='ocrx_word' id='word_1_148' title='bbox 835 2444 885 2509; x_wconf 90' lang='lat' dir='ltr'>vel</span> <span class='ocrx_word' id='word_1_149' title='bbox 910 2446 1068 2511; x_wconf 85' lang='lat' dir='ltr'>excellens</span> <span class='ocrx_word' id='word_1_150' title='bbox 1094 2453 1152 2511; x_wconf 89' lang='lat' dir='ltr'>tua</span> <span class='ocrx_word' id='word_1_151' title='bbox 1180 2469 1253 2512; x_wconf 91' lang='lat' dir='ltr'>oum</span> 
     </span>
     <span class='ocr_line' id='line_1_20' title="bbox 83 2549 1251 2634; baseline 0.002 -20"><span class='ocrx_word' id='word_1_152' title='bbox 83 2549 261 2614; x_wconf 85' lang='lat' dir='ltr'>sanctitate</span> <span class='ocrx_word' id='word_1_153' title='bbox 287 2550 458 2633; x_wconf 87' lang='lat' dir='ltr'>conjuncta</span> <span class='ocrx_word' id='word_1_154' title='bbox 490 2549 675 2614; x_wconf 88' lang='lat' dir='ltr'>humanitas</span> <span class='ocrx_word' id='word_1_155' title='bbox 706 2549 756 2613; x_wconf 85' lang='lat' dir='ltr'>vel</span> <span class='ocrx_word' id='word_1_156' title='bbox 787 2550 956 2634; x_wconf 90' lang='lat' dir='ltr'>utriusque</span> <span class='ocrx_word' id='word_1_157' title='bbox 989 2557 1134 2616; x_wconf 89' lang='lat' dir='ltr'>nostrum</span> <span class='ocrx_word' id='word_1_158' title='bbox 1165 2551 1251 2616; x_wconf 90' lang='lat' dir='ltr'>inter</span> 
     </span>
     <span class='ocr_line' id='line_1_21' title="bbox 83 2654 1252 2739; baseline 0.001 -21"><span class='ocrx_word' id='word_1_159' title='bbox 83 2675 145 2718; x_wconf 88' lang='lat' dir='ltr'>nos</span> <span class='ocrx_word' id='word_1_160' title='bbox 175 2659 287 2718; x_wconf 91' lang='lat' dir='ltr'>mutua</span> <span class='ocrx_word' id='word_1_161' title='bbox 319 2654 550 2734; x_wconf 86' lang='lat' dir='ltr'>benivolentia,</span> <span class='ocrx_word' id='word_1_162' title='bbox 580 2664 617 2719; x_wconf 85' lang='lat' dir='ltr'>ut</span> <span class='ocrx_word' id='word_1_163' title='bbox 647 2656 803 2720; x_wconf 87' lang='lat' dir='ltr'>audacter</span> <span class='ocrx_word' id='word_1_164' title='bbox 832 2676 871 2720; x_wconf 91' lang='lat' dir='ltr'>ea</span> <span class='ocrx_word' id='word_1_165' title='bbox 897 2656 956 2720; x_wconf 85' lang='lat' dir='ltr'>ebs</span> <span class='ocrx_word' id='word_1_166' title='bbox 986 2662 1018 2721; x_wconf 90' lang='lat' dir='ltr'>te</span> <span class='ocrx_word' id='word_1_167' title='bbox 1048 2663 1159 2739; x_wconf 89' lang='lat' dir='ltr'>petere</span> <span class='ocrx_word' id='word_1_168' title='bbox 1188 2678 1252 2722; x_wconf 90' lang='lat' dir='ltr'>non</span> 
     </span>
     <span class='ocr_line' id='line_1_22' title="bbox 83 2758 1253 2843; baseline 0.003 -20"><span class='ocrx_word' id='word_1_169' title='bbox 83 2758 265 2837; x_wconf 86' lang='lat' dir='ltr'>formidem,</span> <span class='ocrx_word' id='word_1_170' title='bbox 290 2781 374 2843; x_wconf 90' lang='lat' dir='ltr'>quae</span> <span class='ocrx_word' id='word_1_171' title='bbox 398 2766 431 2824; x_wconf 91' lang='lat' dir='ltr'>et</span> <span class='ocrx_word' id='word_1_172' title='bbox 455 2760 514 2824; x_wconf 91' lang='lat' dir='ltr'>tibi</span> <span class='ocrx_word' id='word_1_173' title='bbox 537 2781 601 2823; x_wconf 92' lang='lat' dir='ltr'>non</span> <span class='ocrx_word' id='word_1_174' title='bbox 625 2759 731 2824; x_wconf 93' lang='lat' dir='ltr'>obsint</span> <span class='ocrx_word' id='word_1_175' title='bbox 754 2765 787 2824; x_wconf 88' lang='lat' dir='ltr'>et</span> <span class='ocrx_word' id='word_1_176' title='bbox 802 2760 881 2823; x_wconf 93' lang='lat' dir='ltr'>mihi</span> <span class='ocrx_word' id='word_1_177' title='bbox 896 2760 1051 2842; x_wconf 89' lang='lat' dir='ltr'>prodesse</span> <span class='ocrx_word' id='word_1_178' title='bbox 1067 2761 1196 2826; x_wconf 87' lang='lat' dir='ltr'>valeant</span> <span class='ocrx_word' id='word_1_179' title='bbox 1220 2768 1253 2826; x_wconf 91' lang='lat' dir='ltr'>et</span> 
     </span>
     <span class='ocr_line' id='line_1_23' title="bbox 84 2863 1253 2947; baseline 0.002 -19"><span class='ocrx_word' id='word_1_180' title='bbox 84 2863 129 2928; x_wconf 86' lang='lat' dir='ltr'>ab</span> <span class='ocrx_word' id='word_1_181' title='bbox 162 2864 317 2929; x_wconf 87' lang='lat' dir='ltr'>universis</span> <span class='ocrx_word' id='word_1_182' title='bbox 347 2871 414 2928; x_wconf 94' lang='lat' dir='ltr'>tum</span> <span class='ocrx_word' id='word_1_183' title='bbox 446 2863 534 2947; x_wconf 90' lang='lat' dir='ltr'>apud</span> <span class='ocrx_word' id='word_1_184' title='bbox 565 2865 667 2929; x_wconf 92' lang='lat' dir='ltr'>Deum</span> <span class='ocrx_word' id='word_1_185' title='bbox 698 2871 766 2929; x_wconf 92' lang='lat' dir='ltr'>tum</span> <span class='ocrx_word' id='word_1_186' title='bbox 796 2865 882 2947; x_wconf 88' lang='lat' dir='ltr'>apud</span> <span class='ocrx_word' id='word_1_187' title='bbox 906 2865 1050 2929; x_wconf 90' lang='lat' dir='ltr'>homines</span> <span class='ocrx_word' id='word_1_188' title='bbox 1074 2865 1253 2930; x_wconf 86' lang='lat' dir='ltr'>laudabilia</span> 
     </span>
     <span class='ocr_line' id='line_1_24' title="bbox 85 2968 1252 3052; baseline 0.001 -19"><span class='ocrx_word' id='word_1_189' title='bbox 85 2969 256 3033; x_wconf 87' lang='lat' dir='ltr'>ducantur.</span> <span class='ocrx_word' id='word_1_190' title='bbox 301 2968 337 3032; x_wconf 92' lang='lat' dir='ltr'>Id</span> <span class='ocrx_word' id='word_1_191' title='bbox 362 2990 419 3052; x_wconf 92' lang='lat' dir='ltr'>ego</span> <span class='ocrx_word' id='word_1_192' title='bbox 444 2969 471 3033; x_wconf 90' lang='lat' dir='ltr'>si</span> <span class='ocrx_word' id='word_1_193' title='bbox 496 2969 603 3048; x_wconf 91' lang='lat' dir='ltr'>doceo,</span> <span class='ocrx_word' id='word_1_194' title='bbox 628 2970 655 3034; x_wconf 91' lang='lat' dir='ltr'>si</span> <span class='ocrx_word' id='word_1_195' title='bbox 678 2970 809 3052; x_wconf 89' lang='lat' dir='ltr'>planum</span> <span class='ocrx_word' id='word_1_196' title='bbox 834 2969 917 3034; x_wconf 88' lang='lat' dir='ltr'>facio</span> <span class='ocrx_word' id='word_1_197' title='bbox 941 2970 972 3032; x_wconf 92' lang='lat' dir='ltr'>in</span> <span class='ocrx_word' id='word_1_198' title='bbox 996 2969 1057 3033; x_wconf 87' lang='lat' dir='ltr'>hac</span> <span class='ocrx_word' id='word_1_199' title='bbox 1082 2969 1252 3052; x_wconf 85' lang='lat' dir='ltr'>quantula-</span> 
     </span>
     <span class='ocr_line' id='line_1_25' title="bbox 84 3073 1251 3158; baseline 0.003 -21"><span class='ocrx_word' id='word_1_200' title='bbox 84 3095 223 3157; x_wconf 89' lang='lat' dir='ltr'>cumque</span> <span class='ocrx_word' id='word_1_201' title='bbox 239 3095 338 3139; x_wconf 88' lang='lat' dir='ltr'>causa</span> <span class='ocrx_word' id='word_1_202' title='bbox 353 3095 426 3139; x_wconf 90' lang='lat' dir='ltr'>mea</span> <span class='ocrx_word' id='word_1_203' title='bbox 442 3073 584 3139; x_wconf 89' lang='lat' dir='ltr'>futurum</span> <span class='ocrx_word' id='word_1_204' title='bbox 604 3075 751 3158; x_wconf 85' lang='lat' dir='ltr'>equidem</span> <span class='ocrx_word' id='word_1_205' title='bbox 768 3073 854 3138; x_wconf 91' lang='lat' dir='ltr'>haud</span> <span class='ocrx_word' id='word_1_206' title='bbox 870 3074 912 3139; x_wconf 88' lang='lat' dir='ltr'>ab</span> <span class='ocrx_word' id='word_1_207' title='bbox 934 3095 968 3138; x_wconf 89' lang='lat' dir='ltr'>re</span> <span class='ocrx_word' id='word_1_208' title='bbox 985 3096 1168 3158; x_wconf 85' lang='lat' dir='ltr'>speravero,</span> <span class='ocrx_word' id='word_1_209' title='bbox 1192 3074 1251 3140; x_wconf 93' lang='lat' dir='ltr'>has</span> 
     </span>
     <span class='ocr_line' id='line_1_26' title="bbox 84 3179 1268 3258; baseline 0.002 -15"><span class='ocrx_word' id='word_1_210' title='bbox 84 3200 176 3244; x_wconf 88' lang='lat' dir='ltr'>meas</span> <span class='ocrx_word' id='word_1_211' title='bbox 200 3179 258 3244; x_wconf 88' lang='lat' dir='ltr'>abs</span> <span class='ocrx_word' id='word_1_212' title='bbox 275 3186 307 3243; x_wconf 90' lang='lat' dir='ltr'>te</span> <span class='ocrx_word' id='word_1_213' title='bbox 324 3179 450 3244; x_wconf 89' lang='lat' dir='ltr'>litteras</span> <span class='ocrx_word' id='word_1_214' title='bbox 473 3201 536 3245; x_wconf 92' lang='lat' dir='ltr'>non</span> <span class='ocrx_word' id='word_1_215' title='bbox 560 3185 685 3244; x_wconf 87' lang='lat' dir='ltr'>tantum</span> <span class='ocrx_word' id='word_1_216' title='bbox 710 3180 825 3258; x_wconf 87' lang='lat' dir='ltr'>audiri,</span> <span class='ocrx_word' id='word_1_217' title='bbox 849 3201 960 3244; x_wconf 90' lang='lat' dir='ltr'>verum</span> <span class='ocrx_word' id='word_1_218' title='bbox 984 3181 1082 3245; x_wconf 90' lang='lat' dir='ltr'>etiam</span> <span class='ocrx_word' id='word_1_219' title='bbox 1106 3180 1268 3246; x_wconf 86' lang='lat' dir='ltr'>exaudiri</span> 
     </span>
     <span class='ocr_line' id='line_1_27' title="bbox 85 3284 1252 3369; baseline 0.002 -21"><span class='ocrx_word' id='word_1_220' title='bbox 85 3284 212 3349; x_wconf 87' lang='lat' dir='ltr'>decere.</span> <span class='ocrx_word' id='word_1_221' title='bbox 259 3284 307 3348; x_wconf 88' lang='lat' dir='ltr'>Tu</span> <span class='ocrx_word' id='word_1_222' title='bbox 339 3285 400 3349; x_wconf 88' lang='lat' dir='ltr'>tibi</span> <span class='ocrx_word' id='word_1_223' title='bbox 428 3285 625 3367; x_wconf 84' lang='lat' dir='ltr'>persuadeas</span> <span class='ocrx_word' id='word_1_224' title='bbox 654 3285 749 3349; x_wconf 88' lang='lat' dir='ltr'>velim</span> <span class='ocrx_word' id='word_1_225' title='bbox 777 3284 810 3349; x_wconf 90' lang='lat' dir='ltr'>id</span> <span class='ocrx_word' id='word_1_226' title='bbox 841 3285 927 3369; x_wconf 88' lang='lat' dir='ltr'>quod</span> <span class='ocrx_word' id='word_1_227' title='bbox 957 3285 1000 3349; x_wconf 89' lang='lat' dir='ltr'>ad</span> <span class='ocrx_word' id='word_1_228' title='bbox 1029 3307 1096 3350; x_wconf 90' lang='lat' dir='ltr'>rem</span> <span class='ocrx_word' id='word_1_229' title='bbox 1125 3287 1252 3366; x_wconf 87' lang='lat' dir='ltr'>attinet,</span> 
     </span>
     <span class='ocr_line' id='line_1_28' title="bbox 85 3388 1253 3473; baseline 0.001 -19"><span class='ocrx_word' id='word_1_230' title='bbox 85 3411 161 3454; x_wconf 92' lang='lat' dir='ltr'>cnm</span> <span class='ocrx_word' id='word_1_231' title='bbox 177 3411 286 3454; x_wconf 89' lang='lat' dir='ltr'>omnes</span> <span class='ocrx_word' id='word_1_232' title='bbox 302 3389 428 3454; x_wconf 89' lang='lat' dir='ltr'>vivendi</span> <span class='ocrx_word' id='word_1_233' title='bbox 451 3388 563 3454; x_wconf 89' lang='lat' dir='ltr'>modos</span> <span class='ocrx_word' id='word_1_234' title='bbox 587 3390 701 3473; x_wconf 88' lang='lat' dir='ltr'>cogito,</span> <span class='ocrx_word' id='word_1_235' title='bbox 725 3390 771 3454; x_wconf 91' lang='lat' dir='ltr'>nil</span> <span class='ocrx_word' id='word_1_236' title='bbox 791 3411 841 3454; x_wconf 90' lang='lat' dir='ltr'>me</span> <span class='ocrx_word' id='word_1_237' title='bbox 862 3390 1092 3473; x_wconf 86' lang='lat' dir='ltr'>praestabilius</span> <span class='ocrx_word' id='word_1_238' title='bbox 1108 3391 1154 3454; x_wconf 91' lang='lat' dir='ltr'>nil</span> <span class='ocrx_word' id='word_1_239' title='bbox 1168 3390 1253 3456; x_wconf 92' lang='lat' dir='ltr'>fruc·</span> 
     </span>
     <span class='ocr_line' id='line_1_29' title="bbox 84 3493 1252 3578; baseline -0.001 -19"><span class='ocrx_word' id='word_1_240' title='bbox 84 3495 211 3559; x_wconf 88' lang='lat' dir='ltr'>t&#39;uosius</span> <span class='ocrx_word' id='word_1_241' title='bbox 239 3494 284 3558; x_wconf 92' lang='lat' dir='ltr'>nil</span> <span class='ocrx_word' id='word_1_242' title='bbox 315 3495 426 3560; x_wconf 91' lang='lat' dir='ltr'>utilius</span> <span class='ocrx_word' id='word_1_243' title='bbox 454 3495 505 3559; x_wconf 91' lang='lat' dir='ltr'>vel</span> <span class='ocrx_word' id='word_1_244' title='bbox 535 3495 578 3559; x_wconf 88' lang='lat' dir='ltr'>ad</span> <span class='ocrx_word' id='word_1_245' title='bbox 609 3495 694 3559; x_wconf 87' lang='lat' dir='ltr'>vitae</span> <span class='ocrx_word' id='word_1_246' title='bbox 722 3494 956 3560; x_wconf 88' lang='lat' dir='ltr'>beatitudinem</span> <span class='ocrx_word' id='word_1_247' title='bbox 985 3495 1173 3578; x_wconf 89' lang='lat' dir='ltr'>pariendam</span> <span class='ocrx_word' id='word_1_248' title='bbox 1203 3493 1252 3561; x_wconf 84' lang='lat' dir='ltr'>vel</span> 
     </span>
     <span class='ocr_line' id='line_1_30' title="bbox 85 3599 1253 3684; baseline 0 -19"><span class='ocrx_word' id='word_1_249' title='bbox 85 3599 129 3665; x_wconf 90' lang='lat' dir='ltr'>ad</span> <span class='ocrx_word' id='word_1_250' title='bbox 147 3620 216 3663; x_wconf 90' lang='lat' dir='ltr'>eam</span> <span class='ocrx_word' id='word_1_251' title='bbox 234 3600 486 3664; x_wconf 89' lang='lat' dir='ltr'>conservandam</span> <span class='ocrx_word' id='word_1_252' title='bbox 503 3599 666 3678; x_wconf 88' lang='lat' dir='ltr'>arbitrari,</span> <span class='ocrx_word' id='word_1_253' title='bbox 691 3621 787 3682; x_wconf 89' lang='lat' dir='ltr'>qnam</span> <span class='ocrx_word' id='word_1_254' title='bbox 811 3606 846 3664; x_wconf 88' lang='lat' dir='ltr'>nt</span> <span class='ocrx_word' id='word_1_255' title='bbox 870 3600 924 3684; x_wconf 90' lang='lat' dir='ltr'>qui</span> <span class='ocrx_word' id='word_1_256' title='bbox 942 3600 1029 3664; x_wconf 88' lang='lat' dir='ltr'>docti</span> <span class='ocrx_word' id='word_1_257' title='bbox 1050 3601 1253 3665; x_wconf 87' lang='lat' dir='ltr'>nominamur</span> 
     </span>
     <span class='ocr_line' id='line_1_31' title="bbox 84 3704 1282 3788; baseline 0 -19"><span class='ocrx_word' id='word_1_258' title='bbox 84 3704 311 3788; x_wconf 87' lang='lat' dir='ltr'>frequentibus</span> <span class='ocrx_word' id='word_1_259' title='bbox 332 3726 391 3770; x_wconf 92' lang='lat' dir='ltr'>nos</span> <span class='ocrx_word' id='word_1_260' title='bbox 414 3704 595 3769; x_wconf 89' lang='lat' dir='ltr'>litterarum</span> <span class='ocrx_word' id='word_1_261' title='bbox 614 3704 729 3769; x_wconf 89' lang='lat' dir='ltr'>studiis</span> <span class='ocrx_word' id='word_1_262' title='bbox 753 3711 786 3769; x_wconf 90' lang='lat' dir='ltr'>et</span> <span class='ocrx_word' id='word_1_263' title='bbox 809 3704 964 3769; x_wconf 90' lang='lat' dir='ltr'>librorum</span> <span class='ocrx_word' id='word_1_264' title='bbox 989 3704 1251 3784; x_wconf 84' lang='lat' dir='ltr'>revolutionibus,</span> <span class='ocrx_word' id='word_1_265' title='bbox 1275 3774 1282 3780; x_wconf 59' lang='grc'>,,</span> 
     </span>
     <span class='ocr_line' id='line_1_32' title="bbox 84 3809 1252 3894; baseline -0.002 -19"><span class='ocrx_word' id='word_1_266' title='bbox 84 3809 194 3894; x_wconf 88' lang='lat' dir='ltr'>quoad</span> <span class='ocrx_word' id='word_1_267' title='bbox 226 3809 297 3874; x_wconf 86' lang='lat' dir='ltr'>fieri</span> <span class='ocrx_word' id='word_1_268' title='bbox 327 3810 443 3894; x_wconf 84' lang='lat' dir='ltr'>possit,</span> <span class='ocrx_word' id='word_1_269' title='bbox 476 3831 573 3893; x_wconf 89' lang='lat' dir='ltr'>quam</span> <span class='ocrx_word' id='word_1_270' title='bbox 601 3809 796 3874; x_wconf 90' lang='lat' dir='ltr'>creberrime</span> <span class='ocrx_word' id='word_1_271' title='bbox 830 3809 1064 3874; x_wconf 85' lang='lat' dir='ltr'>inhaereamus.</span> <span class='ocrx_word' id='word_1_272' title='bbox 1111 3809 1252 3873; x_wconf 84' lang='lat' dir='ltr'>Maxime</span> 
     </span>
     <span class='ocr_line' id='line_1_33' title="bbox 84 3912 1252 3998; baseline 0 -20"><span class='ocrx_word' id='word_1_273' title='bbox 84 3936 161 3980; x_wconf 88' lang='lat' dir='ltr'>vero</span> <span class='ocrx_word' id='word_1_274' title='bbox 185 3915 272 3980; x_wconf 89' lang='lat' dir='ltr'>eirca</span> <span class='ocrx_word' id='word_1_275' title='bbox 296 3936 335 3979; x_wconf 89' lang='lat' dir='ltr'>ea</span> <span class='ocrx_word' id='word_1_276' title='bbox 356 3915 569 3981; x_wconf 87' lang='lat' dir='ltr'>insistendum</span> <span class='ocrx_word' id='word_1_277' title='bbox 584 3920 663 3998; x_wconf 89' lang='lat' dir='ltr'>puto</span> <span class='ocrx_word' id='word_1_278' title='bbox 688 3935 759 3998; x_wconf 85' lang='lat' dir='ltr'>quae</span> <span class='ocrx_word' id='word_1_279' title='bbox 776 3913 960 3997; x_wconf 89' lang='lat' dir='ltr'>religiosam</span> <span class='ocrx_word' id='word_1_280' title='bbox 976 3912 1169 3995; x_wconf 90' lang='lat' dir='ltr'>sapientiam</span> <span class='ocrx_word' id='word_1_281' title='bbox 1184 3931 1252 3997; x_wconf 85' lang='lat' dir='ltr'>pree</span> 
     </span>
     <span class='ocr_line' id='line_1_34' title="bbox 83 4016 1252 4104; baseline 0 -19"><span class='ocrx_word' id='word_1_282' title='bbox 83 4040 119 4085; x_wconf 92' lang='lat' dir='ltr'>se</span> <span class='ocrx_word' id='word_1_283' title='bbox 144 4018 254 4084; x_wconf 90' lang='lat' dir='ltr'>ferunt</span> <span class='ocrx_word' id='word_1_284' title='bbox 277 4025 469 4104; x_wconf 90' lang='lat' dir='ltr'>nostrosque</span> <span class='ocrx_word' id='word_1_285' title='bbox 493 4019 652 4102; x_wconf 87' lang='lat' dir='ltr'>cogitatus</span> <span class='ocrx_word' id='word_1_286' title='bbox 676 4018 719 4083; x_wconf 92' lang='lat' dir='ltr'>ad</span> <span class='ocrx_word' id='word_1_287' title='bbox 735 4016 898 4097; x_wconf 86' lang='lat' dir='ltr'>caelestia,</span> <span class='ocrx_word' id='word_1_288' title='bbox 923 4024 960 4082; x_wconf 92' lang='lat' dir='ltr'>ut</span> <span class='ocrx_word' id='word_1_289' title='bbox 974 4016 1094 4082; x_wconf 90' lang='lat' dir='ltr'>ferrum</span> <span class='ocrx_word' id='word_1_290' title='bbox 1110 4038 1252 4102; x_wconf 85' lang='lat' dir='ltr'>magnes,</span> 
     </span>
     <span class='ocr_line' id='line_1_35' title="bbox 83 4121 1252 4209; baseline 0 -20"><span class='ocrx_word' id='word_1_291' title='bbox 83 4125 258 4189; x_wconf 88' lang='lat' dir='ltr'>attrabunt</span> <span class='ocrx_word' id='word_1_292' title='bbox 280 4123 409 4189; x_wconf 81' lang='lat' dir='ltr'>Christo</span> <span class='ocrx_word' id='word_1_293' title='bbox 432 4125 639 4209; x_wconf 86' lang='lat' dir='ltr'>praecipiente</span> <span class='ocrx_word' id='word_1_294' title='bbox 664 4123 719 4207; x_wconf 89' lang='lat' dir='ltr'>qui</span> <span class='ocrx_word' id='word_1_295' title='bbox 743 4123 790 4187; x_wconf 88' lang='lat' dir='ltr'>ait</span> <span class='ocrx_word' id='word_1_296' title='bbox 822 4121 1010 4186; x_wconf 89' lang='lat' dir='ltr'>scrutamini</span> <span class='ocrx_word' id='word_1_297' title='bbox 1037 4124 1048 4160; x_wconf 87' lang='lat'><strong>¹</strong></span> <span class='ocrx_word' id='word_1_298' title='bbox 1073 4123 1252 4208; x_wconf 87' lang='lat' dir='ltr'>scripturas</span> 
     </span>
    </p>
   </div>
   <div class='ocr_carea' id='block_1_7' title="bbox 83 4226 1102 4511">
    <p class='ocr_par' dir='ltr' id='par_1_8' title="bbox 83 4226 1102 4511">
     <span class='ocr_line' id='line_1_36' title="bbox 83 4226 1102 4314; baseline -0.003 -18"><span class='ocrx_word' id='word_1_299' title='bbox 83 4231 237 4314; x_wconf 68' lang='lat' dir='ltr'>qtdmiam</span> <span class='ocrx_word' id='word_1_300' title='bbox 261 4251 316 4295; x_wconf 88' lang='lat' dir='ltr'>vos</span> <span class='ocrx_word' id='word_1_301' title='bbox 339 4230 372 4293; x_wconf 90' lang='lat' dir='ltr'>in</span> <span class='ocrx_word' id='word_1_302' title='bbox 394 4230 473 4314; x_wconf 90' lang='lat' dir='ltr'>ipsis</span> <span class='ocrx_word' id='word_1_303' title='bbox 497 4228 648 4295; x_wconf 87' lang='lat' dir='ltr'>videmini</span> <span class='ocrx_word' id='word_1_304' title='bbox 672 4229 771 4293; x_wconf 87' lang='lat' dir='ltr'>vitam</span> <span class='ocrx_word' id='word_1_305' title='bbox 795 4232 949 4313; x_wconf 76' lang='lat' dir='ltr'>aeternam</span> <span class='ocrx_word' id='word_1_306' title='bbox 972 4226 1102 4294; x_wconf 88' lang='lat' dir='ltr'>habere.</span> 
     </span>
     <span class='ocr_line' id='line_1_37' title="bbox 665 4357 683 4394; baseline 0 0"><span class='ocrx_word' id='word_1_307' title='bbox 665 4357 683 4394; x_wconf 58' lang='lat' dir='ltr'>fit</span> 
     </span>
     <span class='ocr_line' id='line_1_38' title="bbox 160 4443 364 4511; baseline 0 -15"><span class='ocrx_word' id='word_1_308' title='bbox 160 4452 169 4496; x_wconf 91' lang='lat' dir='ltr'>l</span> <span class='ocrx_word' id='word_1_309' title='bbox 192 4443 256 4497; x_wconf 89' lang='lat' dir='ltr'>Joh.</span> <span class='ocrx_word' id='word_1_310' title='bbox 276 4448 301 4511; x_wconf 88' lang='lat'>5,</span> <span class='ocrx_word' id='word_1_311' title='bbox 322 4450 364 4498; x_wconf 84' lang='lat'>39.</span> 
     </span>
    </p>
   </div>
   <div class='ocr_carea' id='block_1_8' title="bbox 0 0 1408 4980">
    <p class='ocr_par' dir='ltr' id='par_1_9' title="bbox 0 0 1408 4980">
     <span class='ocr_line' id='line_1_39' title="bbox 0 0 1408 4980; baseline 0 0"><span class='ocrx_word' id='word_1_312' title='bbox 0 0 1408 4980; x_wconf 95' lang='lat' dir='ltr'> </span> 
     </span>
    </p>
   </div>
  </div>
 </body>
</html>
