2798 4980
728 336 771 403 46

167 525 268 593 oculis
284 532 316 591 et
332 526 382 592 his
397 525 545 591 manibus
560 524 680 591 librum
691 525 811 592 Iliados
823 527 1002 593 Homerica
1019 527 1167 613 quintam
1188 527 1240 592 his
1256 528 1337 592 milri

168 632 314 698 versibus
341 630 484 715 (semper
507 630 592 695 enim
616 652 711 696 versu
737 630 851 714 Apollo
876 632 974 698 edicit
999 630 1024 718 ι)
1046 633 1095 698 ita
1117 632 1335 717 respondens:

375 753 403 803 si
423 753 497 818 cupis
517 751 600 802 ltaliae
620 751 661 801 vel
680 750 773 818 praelia
791 751 896 805 Gallica
914 769 1000 804 nosse.

375 840 472 891 Confer
492 839 554 890 huic
575 841 643 891 libro
663 840 810 891 clarissima
829 843 935 891 nomina
953 842 1049 908 gentis.

255 944 346 1011 Inter
359 944 530 1029 legendnm
546 944 645 1028 igitur
665 967 791 1011 omnem
807 947 871 1011 vim
893 946 971 1012 belli
987 951 1155 1030 totumque
1176 945 1337 1030 praelium,

168 1047 208 1115 de
224 1049 368 1134 quoiam
384 1055 478 1115 tanta
493 1049 581 1115 fama
596 1057 661 1131 est,
685 1072 743 1135 ego
764 1051 833 1135 ipse
853 1052 947 1137 quasi
965 1073 1030 1117 non
1049 1051 1152 1117 solum
1174 1049 1336 1130 affuerim,

167 1154 226 1220 sed
255 1160 289 1219 et
314 1153 515 1219 interfuerim
542 1176 669 1239 quoque
694 1157 856 1241 aspiciens
881 1157 1032 1241 Lomperi
1054 1155 1192 1223 Pallada
1216 1156 1337 1222 Miner-

166 1258 271 1325 valem
287 1258 434 1324 Diomedi
449 1259 602 1340 astitisse,
618 1260 778 1327 Venerem
793 1283 870 1327 vero
887 1268 920 1327 et
930 1261 1110 1346 Apollinem
1126 1261 1239 1326 AEneae
1252 1261 1337 1327 Hec-

167 1364 304 1448 torique.
350 1363 450 1430 Porro
474 1364 663 1431 Diomedem
686 1365 867 1450 profligatis
894 1367 1041 1450 postibus
1069 1367 1168 1432 etiam
1198 1366 1337 1432 Veneris

167 1490 282 1535 manus
297 1469 438 1553 graviter
454 1469 648 1536 vulnerasse.
680 1471 803 1537 Deinde
819 1472 924 1537 foedus
940 1494 1011 1538 cum
1028 1473 1176 1557 Trojanis
1194 1471 1336 1536 Martem

167 1575 365 1658 percussisse
380 1574 471 1640 illum
493 1575 671 1641 terribilem
693 1576 797 1642 deum.
836 1577 937 1654 Quem
952 1575 1009 1643 ubi
1026 1575 1038 1614 ²
1054 1576 1228 1642 Diomedes
1246 1577 1337 1642 Troi-

166 1680 237 1746 anis
253 1682 438 1766 conjurasse
455 1681 623 1765 persensit,
639 1702 660 1746 a
675 1681 759 1747 bello
776 1682 930 1748 secedens
946 1682 1053 1767 fugam
1066 1682 1228 1766 cogitavit.
1255 1683 1337 1747 Rur-

167 1807 221 1852 sus
237 1785 369 1851 Pallade
386 1785 598 1865 oonfortatus,
614 1786 752 1851 Martem
770 1809 897 1871 quoqne
914 1792 1006 1853 tanto
1026 1789 1150 1871 impetu
1165 1787 1336 1867 sauciavit,

165 1897 217 1969 ut,
241 1890 301 1956 nisi
324 1891 366 1956 sit
388 1891 480 1967 deus,
505 1911 577 1956 eum
600 1890 684 1956 forte
705 1892 775 1956 neci
796 1891 982 1958 dedidisset.
1021 1890 1153 1976 Singula
1174 1893 1286 1976 tuipse
1309 1892 1337 1959 si

166 1996 254 2062 voles
271 2018 342 2061 cum
360 1996 529 2080 utriusque
545 2003 691 2061 nostrum
707 1998 847 2062 amantis
864 1997 943 2062 simo
960 1997 1114 2062 Antistite
1130 1996 1336 2079 Vangionum

166 2101 351 2166 Camerario
369 2100 545 2184 Dalburgio
562 2101 713 2167 ioelioiter
728 2102 867 2186 perlege.
890 2103 923 2190 Is
940 2102 1023 2167 enim
1040 2103 1217 2168 Homerum
1233 2101 1337 2167 habet

166 2212 284 2286 totum,
308 2228 347 2271 ue
365 2227 422 2290 ego
437 2228 584 2272 morosus
601 2207 734 2272 nimium
752 2207 862 2273 videar
878 2207 1020 2291 aliquam
1036 2207 1101 2272 tuis
1117 2207 1254 2272 auribus
1270 2229 1337 2272 mo-

166 2311 294 2377 lestiam
311 2310 436 2377 afferre.
468 2312 539 2389 Qua
554 2313 637 2378 enim
655 2320 692 2378 es'
706 2312 864 2392 doctrina,
881 2333 943 2397 quo
960 2311 1067 2378 divino
1083 2311 1222 2396 ingenio,
1239 2311 1338 2378 facile

166 2416 326 2500 intelliges
342 2415 443 2502 quid³
459 2416 511 2482 cui
527 2417 756 2482 conferendum
772 2415 823 2482 sit.
854 2417 995 2483 Eneadae
1011 2423 1120 2483 antem
1136 2424 1214 2484 sunt
1228 2418 1339 2491 Italici

167 2529 261 2606 gente
285 2521 345 2587 sub
370 2522 534 2588 Hectorea
557 2527 738 2587 tercentum
766 2543 867 2587 annos
894 2522 1075 2605 gubernati.
1114 2522 1292 2590 Diomedes
1317 2545 1338 2592 a

166 2627 251 2693 Iovis
265 2626 299 2692 id
321 2632 370 2693 est
387 2627 446 2694 Dei
466 2648 545 2692 cura
561 2626 869 2693 Christianissimum
891 2627 1069 2710 principem
1090 2626 1263 2711 designare
1280 2651 1338 2714 pu-

167 2739 265 2797 tatur.
304 2733 443 2798 Martem
463 2738 574 2798 nostro
596 2753 693 2816 regno
709 2732 870 2811 tribuunt,
894 2732 1051 2797 Venerem
1068 2733 1203 2799 amaris
1219 2755 1339 2819 spuma

168 2839 299 2904 l'enetis
330 2839 508 2904 Minervam
538 2838 735 2903 Palladicam
765 2836 876 2902 Gallis.
922 2837 974 2902 Sic
1003 2837 1087 2901 enim
1118 2837 1338 2923 Hieronymus

166 2951 280 3010 contra
297 2944 503 3028 Vigilantium
521 2943 663 3027 scripsit:
683 2943 757 3008 Sola
774 2942 880 3007 Gallia
895 2949 1039 3008 monstra
1055 2963 1119 3008 non
1134 2940 1263 3023 habuit,
1280 2944 1338 3010 ssd

166 3050 242 3115 viris
258 3071 385 3133 semper
400 3049 538 3114 sortibus
555 3055 588 3112 et
613 3048 881 3132 eloquentissimis
902 3047 1088 3113 abundavit.
1127 3045 1256 3112 Caetera
1272 3054 1338 3113 tuae

165 3154 284 3220 mando
304 3153 486 3233 industriae,
510 3159 610 3237 utque
632 3154 742 3218 valeas
757 3174 872 3237 meque
892 3173 980 3218 ames
997 3159 1082 3237 opto.
1120 3153 1170 3216 Ex
1187 3151 1339 3237 Tubinga

167 3263 187 3323 8
203 3258 316 3325 Kalen.
333 3258 480 3324 Sextiles.
511 3259 603 3324 Anno
623 3263 717 3324 1495.

256 3367 417 3429 Gedruckt:
446 3361 744 3427 1=c.v.e.dbd
765 3364 817 3442 iib3
844 3369 967 3428 2=J.
983 3386 1010 3427 v.
1028 3363 1157 3427 adiiib
1175 3371 1227 3441 4²3
1256 3371 1337 3426 3:

164 3468 568 3546 .c.v.e.11101.23b24b;
594 3474 835 3534 4=Mu11era
853 3491 879 3533 a.
897 3491 923 3533 o.
941 3490 963 3532 s.
984 3474 1043 3532 551
1063 3472 1083 3531 s.

238 3742 409 3814 [littinges]
725 3654 776 3720 LI·
1094 3744 1200 3808 August
1222 3746 1302 3794 1495.
1327 3725 1328 3728 Ἴ

165 3851 322 3927 «loannis
336 3849 519 3926 Reuchlin
533 3848 752 3923 Phorcensis
765 3847 813 3922 ad
824 3847 1011 3921 loannem
1020 3847 1200 3947 Lycaeum
1217 3848 1337 3947 vulgo

319 3999 321 4004 ·
384 4001 429 4047 cx
448 3972 563 4072 Lupis
582 3972 628 4046 de
646 3972 927 4070 Hermausgriin
947 3969 1103 4044 Carmen

165 4135 256 4203 le'hot
286 4136 337 4202 die
361 4136 603 4220 sufforderung,
635 4136 686 4201 die
718 4135 899 4218 belehnung
927 4132 1113 4200 Eberhards
1143 4153 1204 4198 von
1235 4133 1337 4199 Wirt-

735 4271 752 4308 a

241 4336 249 4381 1
271 4329 352 4380 edidit
373 4336 396 4379 2.
466 4335 479 4379 2
501 4331 550 4381 tibi
571 4336 594 4380 2.
663 4335 676 4380 3
698 4331 743 4379 uid
766 4335 787 4392 1,
810 4329 849 4378 als
869 4326 1037 4377 druolrfelrler
1060 4342 1101 4376 arn
1121 4325 1186 4375 sude
1209 4325 1256 4375 der
1276 4341 1336 4376 aus-

167 4419 236 4483 gsls
255 4418 405 4484 ongofuhrt.
1180 4411 1182 4414 ’
