2798 4980
663 334 728 401 203

96 521 181 591 dem
212 521 278 588 diei
308 522 566 608 postmeridiana
589 524 631 588 ad
654 522 827 589 videndum
851 524 984 607 procedi
1007 530 1121 592 contra
1143 525 1273 594 oculare

96 627 275 714 speculum
295 627 451 693 ,Iohannis
469 628 625 695 Reuchlin
643 629 817 695 Phorcen.“
848 631 964 714 Itaque
977 629 1059 696 bora
1076 633 1175 697 tertia
1191 633 1274 716 ejus·

95 722 179 800 dem
193 732 259 798 diei
270 732 446 799 sessionem
454 732 618 816 publicam
630 734 814 800 habuerunt
830 735 862 798 in
873 735 997 801 ambitu
1013 736 1157 802 ecclesiae
1173 738 1275 822 majo·

94 841 145 905 ris
164 839 373 922 Mcguntinee,
389 838 446 904 ubi
456 839 559 905 frater
571 839 713 906 Jacobus
724 840 942 906 Hoohstraten
956 841 1006 906 vel
1023 841 1063 907 de
1079 842 1148 907 alta
1163 842 1275 926 platea

94 944 255 1011 exhibuit
270 944 423 1010 articulos
446 944 517 1011 loco
533 944 636 1010 libelli
659 945 782 1030 absque
806 945 872 1011 ullo
889 947 1086 1028 adversario,
1110 949 1162 1014 cui
1177 948 1274 1014 datus

94 1056 154 1117 est
180 1050 341 1116 terminus
364 1049 406 1113 ad
429 1049 632 1134 probandum
656 1050 707 1115 die
730 1051 874 1116 crastina
900 1052 1086 1118 immediate
1117 1054 1274 1140 sequenti,

94 1177 204 1223 manc
233 1154 314 1220 hora
345 1161 468 1220 octava.
522 1157 611 1221 Tunc
644 1157 756 1222 ecdem
795 1157 846 1222 die
881 1159 1039 1240 processit
1068 1159 1111 1225 ad
1143 1161 1274 1226 testium

94 1261 383 1329 examinationem
418 1282 543 1342 eorum,
573 1283 655 1346 quos
691 1283 801 1327 secum
835 1262 1019 1328 adduxerat
1053 1265 1176 1331 ordinis
1214 1267 1274 1347 sui,

94 1367 236 1434 nemine
260 1366 463 1432 adversante.
509 1367 699 1452 Superque
723 1366 930 1451 praefixerunt
953 1371 1125 1436 terminum
1149 1372 1191 1436 ad
1218 1370 1275 1437 ho·

94 1494 176 1539 ram
209 1473 341 1537 tertiam
372 1472 518 1558 ejusdem
547 1473 613 1538 diei
639 1472 925 1556 postmeridianam
949 1475 991 1538 ad
1020 1475 1274 1542 concludendum

94 1580 132 1644 in
159 1598 273 1643 causa.
320 1577 389 1656 Qua
420 1577 500 1643 hora
523 1579 671 1643 veniente
699 1579 934 1659 concluserunt,
959 1581 1044 1664 quia,
1068 1587 1105 1646 ut
1127 1581 1276 1666 concupi-

95 1689 233 1763 verant,
256 1705 321 1749 non
343 1683 526 1748 habuerunt
548 1683 787 1764 adversarium;
820 1690 854 1749 et
878 1685 1144 1768 interposuerunt
1166 1688 1276 1752 decre-

95 1797 196 1869 tum,
231 1789 309 1873 quid
339 1788 370 1852 in
405 1809 444 1853 ea
467 1809 566 1855 causa
589 1789 774 1855 conclusum
797 1796 884 1854 esset
908 1797 941 1855 et
962 1812 1022 1874 pro
1047 1791 1196 1857 concluso
1219 1790 1276 1856 ba-

95 1895 269 1962 bendum:
296 1899 494 1973 „statuentes
511 1896 682 1960 terminum
698 1915 757 1979 pro
774 1893 908 1960 ferenda
924 1898 1086 1962 sententia
1101 1896 1274 1978 definitiva,

97 2002 147 2069 ad
175 1999 359 2085 proximam
382 1999 468 2064 diem
487 2001 693 2084 juridicam“.

197 2105 302 2184 Quam
319 2105 449 2190 quidem
465 2105 657 2170 sententiam
675 2112 708 2170 et
723 2105 824 2172 frater
843 2108 853 2144 ¹
877 2107 897 2172 J
899 2105 1028 2188 acubus,
1052 2107 1107 2192 qui
1123 2107 1184 2173 iuit
1198 2129 1275 2192 pars
1367 2102 1375 2133 ³

95 2219 134 2280 et
173 2210 388 2276 commissarii
418 2230 483 2276 una
511 2210 606 2276 simul
633 2212 758 2295 pariter
789 2233 900 2276 omnes
930 2212 1016 2278 inter
1043 2235 1077 2278 se
1101 2219 1216 2279 contra
1238 2213 1276 2278 li-

97 2317 232 2385 bellum
263 2337 369 2382 meum
403 2316 486 2382 clam
516 2322 742 2400 conceperunt,
774 2316 933 2397 videlicet,
958 2324 994 2383 ut
1014 2317 1143 2402 publice
1166 2320 1277 2386 trade-

94 2430 198 2490 retur
222 2421 288 2504 igni
312 2421 557 2500 comburendus,
580 2421 613 2485 in
636 2422 743 2486 medio
764 2422 826 2486 scri
842 2423 1024 2506 Mcguntiae.
1058 2425 1277 2508 ¹Quapropter

94 2529 189 2596 feria
212 2526 314 2591 tertia
342 2527 487 2610 proxime
517 2526 721 2609 praecedente
752 2528 1036 2611 promulgaverant
1067 2529 1100 2592 in
1132 2530 1276 2596 ecclesiis

94 2632 238 2720 publice
260 2631 479 2696 mandatum²
502 2631 589 2716 quod
606 2632 789 2717 quicunque
805 2633 943 2698 haberet
966 2633 1120 2714 libellum,
1144 2635 1275 2700 oculare

95 2737 290 2824 speculum,
318 2738 517 2802 nominatum
547 2735 682 2801 deberet
713 2736 829 2802 offerre
857 2738 900 2803 ad
931 2760 1045 2804 manus
1075 2740 1275 2823 inquisitoris

99 2844 169 2911 sub
195 2864 294 2928 poena
314 2842 661 2907 excommunicationis.
708 2842 808 2908 Ortus
831 2849 881 2908 est
903 2844 1002 2926 igitur
1017 2865 1079 2908 non
1104 2844 1275 2909 mediocris

97 2949 270 3017 tumultus
300 2949 386 3013 inter
417 2949 585 3013 studentes
605 2948 689 3031 juris
713 2953 746 3012 et
769 2947 917 3013 doctores
942 2949 1098 3032 quosdam
1121 2949 1276 3014 universi-

97 3056 195 3135 tatis,
220 3054 365 3138 aliosque
388 3053 509 3119 ibidem
537 3075 635 3138 quam
658 3053 813 3145 plurimos
842 3054 998 3118 dicentes:
1032 3075 1084 3132 „se
1109 3075 1274 3138 nunquam

98 3168 175 3229 tam
198 3157 382 3225 maleficum
404 3180 591 3243 processum
623 3181 662 3223 ac
691 3166 759 3224 tam
783 3159 927 3244 iniquum
961 3158 1139 3238 audivisse,
1170 3180 1275 3244 neque

100 3266 236 3352 legisse,
267 3264 323 3330 ubi
351 3271 522 3348 tantopere
553 3271 671 3330 cuncta
695 3265 979 3350 praecipitarentur
1003 3287 1076 3331 cum
1099 3265 1219 3348 injuria
1241 3273 1276 3331 et

100 3378 141 3440 ut
167 3372 271 3456 ajunt,
295 3370 454 3435 nulliter.“
504 3370 573 3448 Quo
590 3371 669 3434 moti
685 3369 854 3435 reverendi
879 3377 912 3436 et
928 3370 1129 3436 venerabiles
1146 3371 1275 3453 domini,

99 3479 252 3545 decanus
276 3482 310 3542 et
332 3475 509 3559 capitulum
533 3476 677 3541 ecclesiae
700 3477 905 3556 cathedralis,
930 3478 1132 3543 conabantur
1147 3479 1190 3543 ad
1205 3479 1275 3558 boc,

99 3589 140 3652 ut
165 3581 256 3666 apud
273 3581 402 3647 eosdem
419 3583 634 3665 impetrarent
649 3581 884 3666 aliquantulam
901 3583 1088 3648 dilationem
1106 3585 1276 3649 sententiae

98 3692 274 3771 conceptae
302 3687 379 3771 quia
413 3692 584 3770 sperarent
614 3687 656 3751 ad
692 3687 815 3771 scripta
844 3708 954 3752 eorum
985 3709 1035 3751 me
1059 3689 1276 3770 personaliter

97 3800 290 3871 venturum,
325 3799 401 3857 tunc
425 3793 545 3858 vellent
573 3791 613 3857 de
642 3793 757 3857 mediis
780 3785 958 3859 concordiae
986 3794 1128 3876 cogitare
1150 3794 1184 3857 in
1206 3815 1276 3858 rem

97 3899 280 3983 utriusque
303 3899 416 3983 partis.

159 4073 164 4079 ,
195 4003 434 4071 Praedicatcres
456 4011 567 4071 autem
586 4005 655 4089 jam
678 4004 923 4088 divulgaverant
946 4024 997 4066 me
1021 4023 1184 4087 nunquam
1205 4024 1276 4069 esse

96 4118 292 4190 venturum,
312 4132 371 4176 nec
387 4133 438 4176 me
454 4111 575 4177 audere
591 4111 720 4177 illorum
735 4110 844 4175 vultus
859 4108 1023 4190 aspicere3
1047 4127 1148 4192 quare
1164 4128 1278 4192 accep-

94 4223 222 4289 tarunt
245 4217 381 4282 eandem
405 4216 593 4283 dilationem
616 4237 719 4301 usque
735 4203 945 4299 ad’quartem
969 4212 1085 4277 feriam
1100 4221 1175 4298 post
1191 4213 1277 4280 diem

674 4363 692 4401 us

177 4463 190 4516 1
216 4456 321 4508 ratres
343 4459 365 4508 1.
436 4459 450 4507 2
472 4451 635 4529 mancatum]
656 4469 716 4513 von
736 4455 751 4504 s
771 4453 897 4510 celeber.
936 4453 1004 4511 nota
1018 4431 1045 4505 'd
1063 4453 1108 4504 iiib
1129 4454 1146 4512 r.
