2798 4980
673 336 738 404 271

205 655 249 723 Et
263 663 396 741 postero
413 657 465 723 die
482 656 559 724 dum
576 658 617 726 de
634 682 723 728 more
739 661 927 741 induuntur,
941 660 1068 728 interea
1077 661 1293 729 meminerunt

118 761 187 846 ejus
218 761 389 828 diversorii
431 765 586 848 cauponis
618 767 718 832 verba
756 765 851 850 longa
889 772 923 831 et
957 766 1063 847 varia,
1101 766 1219 852 quibus
1249 766 1293 833 ad

116 865 288 933 hesternas
305 868 416 952 epulas
428 868 610 954 hospitibus
626 872 828 938 recensuerit
840 870 939 937 fuisse
955 870 1112 956 quasdam
1128 871 1289 957 superiori

117 970 169 1037 die
201 994 223 1038 a
250 994 386 1039 romana
424 976 515 1041 curia
544 976 808 1042 Francofordiam
840 977 955 1041 missas
987 977 1225 1061 propositiones
1258 981 1292 1043 et

116 1076 341 1144 conclusiones
381 1087 495 1145 eontra
529 1080 753 1148 inhibitionem
790 1081 1010 1165 Apostolicam
1040 1080 1082 1147 ab
1113 1081 1291 1149 Astaroto¹

116 1182 261 1268 quodam
283 1181 377 1250 fictas
407 1191 441 1250 et
469 1186 678 1253 concinnatas
709 1186 865 1252 adversus
888 1185 938 1251 Jo.
970 1185 1123 1251 Reuchlin
1156 1195 1292 1272 propter

115 1288 218 1355 libros
245 1310 309 1354 non
344 1290 580 1357 comburendos
609 1293 677 1376 jam
705 1292 778 1375 plus
806 1291 1026 1376 quinquennio
1049 1292 1197 1359 crudeles
1218 1312 1294 1377 per·

115 1395 303 1461 secutiones
317 1395 506 1462 innocenter
529 1419 568 1462 ac
591 1396 687 1462 simul
710 1399 817 1462 animo
841 1397 917 1462 forti
942 1403 976 1463 et
995 1397 1135 1465 infracto
1157 1419 1292 1483 passum

115 1520 183 1585 prae
206 1498 334 1566 foribus
357 1501 525 1586 sapientiae
553 1524 593 1568 ac
622 1503 818 1588 templorum
849 1502 1018 1568 vestibulis
1042 1505 1153 1570 Romae
1176 1502 1292 1570 affixas

116 1610 150 1670 et
176 1625 254 1670 mox
285 1605 318 1669 in
350 1605 472 1686 lutum,
511 1614 640 1674 stercus
673 1614 706 1673 et
730 1628 853 1673 caenurn
889 1607 935 1672 ibi
962 1609 1126 1692 projectas
1156 1615 1190 1675 et
1218 1612 1299 1675 eon·⁴

116 1709 266 1775 culoatas
283 1709 296 1748 ²
313 1711 413 1793 justis
438 1709 478 1777 e'x
500 1712 608 1779 causis
640 1719 710 1777 turn
734 1715 811 1797 quia
833 1722 953 1796 praeter
977 1712 1099 1778 Summi
1123 1710 1291 1779 Pontificio

119 1814 322 1895 voluntates,
338 1823 371 1881 et
382 1817 505 1902 absque
522 1818 864 1884 reverendissimorum
876 1816 1023 1902 judicum
1038 1818 1163 1898 notitia,
1181 1839 1291 1885 coram
1358 1882 1361 1888 .

117 1919 236 2006 quibus
254 1941 293 1985 ea
315 1920 355 1985 lis
378 1930 453 2006 post
467 1924 612 1989 Astaroti
635 1923 888 2007 appellationem
914 1922 1072 1988 hactenns
1095 1922 1234 1988 triennio
1257 1921 1291 1988 in

117 2024 216 2091 Curia
224 2026 384 2111 penderet
391 2027 456 2093 tale
473 2027 598 2094 facinus
607 2028 939 2094 fuissetattentatum:
958 2033 1027 2093 tum
1036 2028 1123 2113 quod
1132 2026 1290 2094 universis

117 2130 337 2198 innotesceret
352 2153 422 2198 eam
444 2134 714 2219 conscriptionem
730 2134 944 2218 apertissimis
961 2141 1091 2201 scatere
1107 2132 1290 2201 mendatiie.

205 2237 369 2322 Principio
394 2260 520 2325 nanque
549 2240 695 2325 polliceri
720 2241 907 2305 Astarotum
938 2241 971 2305 in
994 2241 1170 2324 praesentia
1193 2240 1290 2324 Papae

115 2342 339 2410 conclusiones
363 2365 417 2410 eas
440 2345 509 2411 fore
533 2345 746 2430 disputandas
778 2352 812 2410 et
834 2345 957 2431 Papam
980 2352 1090 2413 tamen
1114 2345 1290 2431 negavisse

112 2469 150 2515 ac
166 2459 257 2515 certe
272 2449 486 2534 prohibuisse,
503 2453 654 2536 quoniam
670 2452 703 2516 in
727 2450 838 2516 multis
855 2459 968 2518 aestate
986 2452 1135 2537 proxima
1150 2449 1289 2537 publicis

112 2556 222 2621 Romae
246 2556 445 2623 sessionibus
469 2558 588 2623 babitis
613 2579 652 2623 ea
675 2579 776 2623 causa
797 2556 892 2640 plene
917 2557 1032 2622 fuisset
1060 2557 1229 2641 disputata
1253 2561 1287 2622 et

113 2660 261 2728 discussa
282 2682 389 2728 eoram
406 2662 600 2729 doctissimis
617 2662 727 2729 mundi
754 2661 937 2742 luminibus,
954 2662 1096 2728 ecelesia
1118 2661 1285 2728 catholicae

116 2765 271 2850 praelatis,
282 2765 543 2853 archiepiscopis,
551 2769 720 2853 episcopis,
734 2767 938 2852 generalibus
952 2767 1112 2846 ordinum,
1130 2773 1162 2832 et
1178 2785 1290 2832 eorum

114 2873 392 2957 procuratoribus,
403 2876 662 2959 poenitentiariis,
676 2872 873 2951 doctoribus,
887 2893 1002 2956 magno
1021 2891 1155 2937 numero
1168 2870 1290 2937 theolo-

112 2979 174 3063 glae
186 2978 335 3064 jurisque
349 2980 552 3064 peritissimis
568 2980 654 3059 viris,
672 2981 726 3064 qui
752 2977 948 3062 Capniouem
968 2998 1038 3042 esse
1054 2976 1289 3042 absolvendum

114 3084 346 3151 decrevissent.
371 3085 495 3151 Deinde
504 3086 590 3170 quod
601 3084 810 3169 ignominiose
829 3083 1020 3167 apellaverit
1033 3082 1286 3167 ocularespecu·

112 3190 177 3257 lum
190 3190 346 3256 scandala
357 3195 389 3256 et
400 3192 594 3257 sententiam
605 3212 756 3257 erroneas
770 3188 1075 3270 commendassem
1089 3195 1196 3255 tamen
1206 3188 1290 3254 liber

114 3297 178 3363 iste
201 3297 244 3361 sit
261 3317 322 3381 per
342 3298 553 3382 apostolicam
578 3299 772 3363 sententiam
788 3294 955 3361 diffinitive
976 3295 1171 3360 admissus³
1208 3294 1290 3361 Tum

116 3401 218 3467 etiam
230 3402 318 3488 quod
330 3402 370 3468 de
387 3403 500 3468 eodem
514 3403 599 3468 libro
619 3404 667 3468 ita
679 3404 855 3486 scripserit,
869 3402 956 3487 quod
973 3402 1046 3466 sita
1067 3401 1207 3486 quinque
1221 3400 1290 3467 uni-

113 3507 325 3574 versitatibus
340 3508 461 3574 dudum
469 3510 535 3593 igni
552 3509 712 3588 addictus,
732 3531 802 3594 quae
814 3515 882 3575 erte
897 3513 972 3574 sunt
984 3529 1080 3573 merae
1094 3528 1185 3592 nugae
1200 3508 1290 3572 clara

117 3619 151 3680 et
173 3613 314 3679 candida
329 3616 499 3680 mendacia
521 3616 598 3700 quia
614 3614 704 3680 nulla
718 3615 751 3678 in
771 3615 856 3681 omni
875 3619 1038 3680 terrarum
1064 3612 1142 3679 orbe
1166 3614 1209 3679 sit
1232 3616 1289 3678 aut

116 3716 217 3786 fuerit
233 3720 426 3786 universitas
444 3742 514 3806 quae
531 3720 661 3787 oculare
673 3720 838 3803 speculum
850 3720 1122 3793 condemnaverit,
1145 3717 1201 3784 sed
1218 3724 1287 3782 tan·

116 3830 187 3890 tum
200 3826 376 3911 singularia
387 3828 535 3912 quaedam
546 3826 691 3910 capitosa
703 3827 841 3909 capita4,
858 3823 1288 3910 vertiginosocerebrohete·

115 3931 271 3998 rolita'et
287 3933 402 4017 supino
418 3954 528 3998 errore
545 3932 682 4016 decepta
696 3930 1002 3997 conventicula-riter
1017 3936 1050 3995 et
1070 3927 1286 4012 conspiratire

117 4041 233 4104 centra
257 4039 341 4122 juris
366 4046 399 4104 et
417 4039 557 4123 justiicae
588 4038 724 4103 formam
757 4039 789 4102 in
818 4034 948 4103 oculare
983 4035 1149 4120 speculum
1186 4032 1287 4100 livore

697 4167 715 4205 tlt

193 4261 203 4308 l
228 4257 412 4309 Hocbstraten.
486 4248 730 4324 2Vg1.Rene'hlin
754 4272 774 4306 s.
799 4257 859 4306 319.
932 4254 1017 4305 eote
1038 4253 1157 4320 Speierer
1181 4259 1289 4304 sentens

119 4349 151 4400 29
178 4347 252 4399 libra
281 4350 354 4400 1514.
429 4346 544 4398 4Niclvt
573 4346 616 4397 die
645 4347 850 4409 univcrsitttten,
881 4343 994 4397 sondern
1021 4343 1063 4397 die
1090 4340 1289 4411 theologiscben

118 4436 263 4489 iecultttcu
284 4439 310 4487 in
333 4436 431 4487 Ltvven
450 4451 468 4485 u
496 4452 516 4486 e.
538 4450 572 4487 vr.
