<?xml version="1.0" encoding="UTF-8"?>
<!DOCTYPE html PUBLIC "-//W3C//DTD XHTML 1.0 Transitional//EN"
    "http://www.w3.org/TR/xhtml1/DTD/xhtml1-transitional.dtd">
<html xmlns="http://www.w3.org/1999/xhtml" xml:lang="en" lang="en">
 <head>
  <title>
</title>
<meta http-equiv="Content-Type" content="text/html;charset=utf-8" />
  <meta name='ocr-system' content='tesseract 3.04.00' />
  <meta name='ocr-capabilities' content='ocr_page ocr_carea ocr_par ocr_line ocrx_word'/>
</head>
<body>
  <div class='ocr_page' id='page_1' title='image "./johannreuchlins01reucgoog/johannreuchlins01reucgoog_0233.png"; bbox 0 0 2798 4980; ppageno 0'>
   <div class='ocr_carea' id='block_1_1' title="bbox 672 334 737 402">
    <p class='ocr_par' dir='ltr' id='par_1_1' title="bbox 672 334 737 402">
     <span class='ocr_line' id='line_1_1' title="bbox 672 334 737 402; baseline -0.031 0"><span class='ocrx_word' id='word_1_1' title='bbox 672 334 737 402; x_wconf 81' lang='lat'>221</span> 
     </span>
    </p>
   </div>
   <div class='ocr_carea' id='block_1_2' title="bbox 97 519 1291 3891">
    <p class='ocr_par' dir='ltr' id='par_1_2' title="bbox 115 519 1291 1348">
     <span class='ocr_line' id='line_1_2' title="bbox 122 519 1291 617; baseline 0.011 -30"><span class='ocrx_word' id='word_1_2' title='bbox 122 519 268 604; x_wconf 84' lang='lat' dir='ltr'>dicatam,</span> <span class='ocrx_word' id='word_1_3' title='bbox 300 521 345 588; x_wconf 90' lang='lat' dir='ltr'>ad</span> <span class='ocrx_word' id='word_1_4' title='bbox 376 543 482 590; x_wconf 89' lang='lat' dir='ltr'>meam</span> <span class='ocrx_word' id='word_1_5' title='bbox 504 523 693 592; x_wconf 78' lang='lat' dir='ltr'><strong>instantiam</strong></span> <span class='ocrx_word' id='word_1_6' title='bbox 725 524 811 592; x_wconf 81' lang='lat' dir='ltr'>dates</span> <span class='ocrx_word' id='word_1_7' title='bbox 834 531 909 593; x_wconf 89' lang='lat' dir='ltr'>sunt</span> <span class='ocrx_word' id='word_1_8' title='bbox 932 527 1180 611; x_wconf 79' lang='lat' dir='ltr'>executoriales,</span> <span class='ocrx_word' id='word_1_9' title='bbox 1208 552 1291 617; x_wconf 87' lang='lat' dir='ltr'>quaa</span> 
     </span>
     <span class='ocr_line' id='line_1_3' title="bbox 121 628 1290 718; baseline 0.009 -25"><span class='ocrx_word' id='word_1_10' title='bbox 121 628 215 694; x_wconf 86' lang='lat' dir='ltr'>etiam</span> <span class='ocrx_word' id='word_1_11' title='bbox 249 628 323 696; x_wconf 89' lang='lat' dir='ltr'>istis</span> <span class='ocrx_word' id='word_1_12' title='bbox 357 628 526 713; x_wconf 90' lang='lat' dir='ltr'>colligatas</span> <span class='ocrx_word' id='word_1_13' title='bbox 560 631 817 715; x_wconf 79' lang='lat' dir='ltr'>paternitatibus</span> <span class='ocrx_word' id='word_1_14' title='bbox 847 652 975 718; x_wconf 89' lang='lat' dir='ltr'>quoque</span> <span class='ocrx_word' id='word_1_15' title='bbox 1018 634 1134 701; x_wconf 87' lang='lat' dir='ltr'>vestris</span> <span class='ocrx_word' id='word_1_16' title='bbox 1157 637 1251 704; x_wconf 90' lang='lat' dir='ltr'>mitto</span> <span class='ocrx_word' id='word_1_17' title='bbox 1270 639 1290 703; x_wconf 91' lang='lat'>¹.</span> 
     </span>
     <span class='ocr_line' id='line_1_4' title="bbox 117 733 1286 821; baseline 0.007 -21"><span class='ocrx_word' id='word_1_18' title='bbox 117 734 164 800; x_wconf 84' lang='lat' dir='ltr'>Ex</span> <span class='ocrx_word' id='word_1_19' title='bbox 179 733 301 819; x_wconf 89' lang='lat' dir='ltr'>quibus</span> <span class='ocrx_word' id='word_1_20' title='bbox 314 734 466 801; x_wconf 88' lang='lat' dir='ltr'>omnibus</span> <span class='ocrx_word' id='word_1_21' title='bbox 482 737 691 820; x_wconf 88' lang='lat' dir='ltr'>cognoscetis,</span> <span class='ocrx_word' id='word_1_22' title='bbox 708 738 792 803; x_wconf 86' lang='lat' dir='ltr'>male</span> <span class='ocrx_word' id='word_1_23' title='bbox 808 737 1014 804; x_wconf 85' lang='lat' dir='ltr'>adversarios</span> <span class='ocrx_word' id='word_1_24' title='bbox 1030 738 1154 821; x_wconf 87' lang='lat' dir='ltr'>fecisse,</span> <span class='ocrx_word' id='word_1_25' title='bbox 1170 763 1286 808; x_wconf 91' lang='lat' dir='ltr'>nomen</span> 
     </span>
     <span class='ocr_line' id='line_1_5' title="bbox 116 841 1290 931; baseline 0.007 -25"><span class='ocrx_word' id='word_1_26' title='bbox 116 860 223 906; x_wconf 89' lang='lat' dir='ltr'>meum</span> <span class='ocrx_word' id='word_1_27' title='bbox 245 841 280 905; x_wconf 90' lang='lat' dir='ltr'>in</span> <span class='ocrx_word' id='word_1_28' title='bbox 303 841 457 907; x_wconf 82' lang='lat' dir='ltr'>universa</span> <span class='ocrx_word' id='word_1_29' title='bbox 479 841 718 908; x_wconf 74' lang='lat' dir='ltr'>christianitate</span> <span class='ocrx_word' id='word_1_30' title='bbox 741 842 788 908; x_wconf 91' lang='lat' dir='ltr'>sio</span> <span class='ocrx_word' id='word_1_31' title='bbox 814 842 1011 924; x_wconf 82' lang='lat' dir='ltr'>infamando,</span> <span class='ocrx_word' id='word_1_32' title='bbox 1042 866 1114 911; x_wconf 91' lang='lat' dir='ltr'>cum</span> <span class='ocrx_word' id='word_1_33' title='bbox 1138 847 1200 931; x_wconf 91' lang='lat' dir='ltr'>ipsi</span> <span class='ocrx_word' id='word_1_34' title='bbox 1222 847 1290 914; x_wconf 86' lang='lat' dir='ltr'>fue-</span> 
     </span>
     <span class='ocr_line' id='line_1_6' title="bbox 116 945 1291 1034; baseline 0.008 -23"><span class='ocrx_word' id='word_1_35' title='bbox 116 946 182 1011; x_wconf 90' lang='lat' dir='ltr'>rint</span> <span class='ocrx_word' id='word_1_36' title='bbox 206 947 276 1030; x_wconf 89' lang='lat' dir='ltr'>ejus</span> <span class='ocrx_word' id='word_1_37' title='bbox 310 945 406 1011; x_wconf 80' lang='lat' dir='ltr'>samaa</span> <span class='ocrx_word' id='word_1_38' title='bbox 440 946 590 1012; x_wconf 85' lang='lat' dir='ltr'>malevoli</span> <span class='ocrx_word' id='word_1_39' title='bbox 612 953 753 1027; x_wconf 81' lang='lat' dir='ltr'>autores,</span> <span class='ocrx_word' id='word_1_40' title='bbox 780 953 817 1014; x_wconf 89' lang='lat' dir='ltr'>et</span> <span class='ocrx_word' id='word_1_41' title='bbox 840 948 939 1014; x_wconf 91' lang='lat' dir='ltr'>iidem</span> <span class='ocrx_word' id='word_1_42' title='bbox 960 951 1023 1034; x_wconf 91' lang='lat' dir='ltr'>ipsi</span> <span class='ocrx_word' id='word_1_43' title='bbox 1046 951 1234 1018; x_wconf 90' lang='lat' dir='ltr'>scandalum</span> <span class='ocrx_word' id='word_1_44' title='bbox 1257 959 1291 1020; x_wconf 89' lang='lat' dir='ltr'>et</span> 
     </span>
     <span class='ocr_line' id='line_1_7' title="bbox 116 1050 1290 1139; baseline 0.009 -25"><span class='ocrx_word' id='word_1_45' title='bbox 116 1050 345 1118; x_wconf 86' lang='lat' dir='ltr'>offendiculum</span> <span class='ocrx_word' id='word_1_46' title='bbox 366 1051 487 1139; x_wconf 79' lang='lat' dir='ltr'>plebi²</span> <span class='ocrx_word' id='word_1_47' title='bbox 509 1053 687 1138; x_wconf 89' lang='lat' dir='ltr'>posuerint,</span> <span class='ocrx_word' id='word_1_48' title='bbox 711 1074 779 1118; x_wconf 92' lang='lat' dir='ltr'>non</span> <span class='ocrx_word' id='word_1_49' title='bbox 804 1075 878 1137; x_wconf 88' lang='lat' dir='ltr'>ego,</span> <span class='ocrx_word' id='word_1_50' title='bbox 902 1054 990 1138; x_wconf 91' lang='lat' dir='ltr'>quod</span> <span class='ocrx_word' id='word_1_51' title='bbox 1013 1062 1123 1122; x_wconf 89' lang='lat' dir='ltr'>tamen</span> <span class='ocrx_word' id='word_1_52' title='bbox 1155 1058 1290 1124; x_wconf 87' lang='lat' dir='ltr'>scanda-</span> 
     </span>
     <span class='ocr_line' id='line_1_8' title="bbox 115 1157 1289 1245; baseline 0.007 -22"><span class='ocrx_word' id='word_1_53' title='bbox 115 1157 181 1224; x_wconf 89' lang='lat' dir='ltr'>lum</span> <span class='ocrx_word' id='word_1_54' title='bbox 204 1179 246 1223; x_wconf 89' lang='lat' dir='ltr'>ex</span> <span class='ocrx_word' id='word_1_55' title='bbox 267 1157 347 1242; x_wconf 89' lang='lat' dir='ltr'>ipsis</span> <span class='ocrx_word' id='word_1_56' title='bbox 370 1163 479 1224; x_wconf 88' lang='lat' dir='ltr'>ortum</span> <span class='ocrx_word' id='word_1_57' title='bbox 497 1160 567 1244; x_wconf 87' lang='lat' dir='ltr'>jam</span> <span class='ocrx_word' id='word_1_58' title='bbox 590 1158 630 1226; x_wconf 88' lang='lat' dir='ltr'>de</span> <span class='ocrx_word' id='word_1_59' title='bbox 653 1159 764 1243; x_wconf 89' lang='lat' dir='ltr'>gretia</span> <span class='ocrx_word' id='word_1_60' title='bbox 788 1159 857 1240; x_wconf 88' lang='lat' dir='ltr'>Dei,</span> <span class='ocrx_word' id='word_1_61' title='bbox 886 1160 1020 1245; x_wconf 83' lang='lat' dir='ltr'>justicia</span> <span class='ocrx_word' id='word_1_62' title='bbox 1042 1162 1215 1244; x_wconf 84' lang='lat' dir='ltr'>mediante,</span> <span class='ocrx_word' id='word_1_63' title='bbox 1239 1185 1289 1231; x_wconf 90' lang='lat' dir='ltr'>so·</span> 
     </span>
     <span class='ocr_line' id='line_1_9' title="bbox 116 1264 307 1348; baseline -0.005 -18"><span class='ocrx_word' id='word_1_64' title='bbox 116 1264 221 1348; x_wconf 88' lang='lat' dir='ltr'>pitnm</span> <span class='ocrx_word' id='word_1_65' title='bbox 245 1269 307 1330; x_wconf 87' lang='lat' dir='ltr'>est.</span> 
     </span>
    </p>

    <p class='ocr_par' dir='ltr' id='par_1_3' title="bbox 97 1360 1290 3253">
     <span class='ocr_line' id='line_1_10' title="bbox 205 1360 1289 1456; baseline 0.006 -22"><span class='ocrx_word' id='word_1_66' title='bbox 205 1360 288 1448; x_wconf 87' lang='lat' dir='ltr'>Quia</span> <span class='ocrx_word' id='word_1_67' title='bbox 311 1390 387 1435; x_wconf 86' lang='lat' dir='ltr'>vero</span> <span class='ocrx_word' id='word_1_68' title='bbox 411 1369 498 1455; x_wconf 93' lang='lat' dir='ltr'>apud</span> <span class='ocrx_word' id='word_1_69' title='bbox 520 1370 687 1436; x_wconf 89' lang='lat' dir='ltr'>indoctum</span> <span class='ocrx_word' id='word_1_70' title='bbox 710 1369 824 1452; x_wconf 87' lang='lat' dir='ltr'>vulgus</span> <span class='ocrx_word' id='word_1_71' title='bbox 852 1371 973 1456; x_wconf 89' lang='lat' dir='ltr'>ubique</span> <span class='ocrx_word' id='word_1_72' title='bbox 1000 1371 1126 1440; x_wconf 83' lang='lat' dir='ltr'>famant</span> <span class='ocrx_word' id='word_1_73' title='bbox 1149 1395 1184 1440; x_wconf 90' lang='lat' dir='ltr'>se</span> <span class='ocrx_word' id='word_1_74' title='bbox 1207 1373 1289 1441; x_wconf 84' lang='lat' dir='ltr'>vella</span> 
     </span>
     <span class='ocr_line' id='line_1_11' title="bbox 117 1475 1290 1562; baseline 0.004 -22"><span class='ocrx_word' id='word_1_75' title='bbox 117 1475 206 1559; x_wconf 83' lang='lat' dir='ltr'>apud</span> <span class='ocrx_word' id='word_1_76' title='bbox 228 1481 354 1542; x_wconf 84' lang='lat' dir='ltr'>vestras</span> <span class='ocrx_word' id='word_1_77' title='bbox 377 1475 666 1543; x_wconf 89' lang='lat' dir='ltr'>excellentissimas</span> <span class='ocrx_word' id='word_1_78' title='bbox 704 1476 946 1560; x_wconf 78' lang='lat' dir='ltr'>paternitates³</span> <span class='ocrx_word' id='word_1_79' title='bbox 970 1477 1151 1562; x_wconf 89' lang='lat' dir='ltr'>impetrare</span> <span class='ocrx_word' id='word_1_80' title='bbox 1175 1486 1290 1545; x_wconf 88' lang='lat' dir='ltr'>contra</span> 
     </span>
     <span class='ocr_line' id='line_1_12' title="bbox 115 1580 1288 1666; baseline 0.005 -22"><span class='ocrx_word' id='word_1_81' title='bbox 115 1601 168 1647; x_wconf 90' lang='lat' dir='ltr'>me</span> <span class='ocrx_word' id='word_1_82' title='bbox 201 1587 302 1666; x_wconf 90' lang='lat' dir='ltr'>atque</span> <span class='ocrx_word' id='word_1_83' title='bbox 334 1580 479 1647; x_wconf 90' lang='lat' dir='ltr'>libellum</span> <span class='ocrx_word' id='word_1_84' title='bbox 512 1603 620 1648; x_wconf 90' lang='lat' dir='ltr'>meum</span> <span class='ocrx_word' id='word_1_85' title='bbox 648 1582 779 1648; x_wconf 89' lang='lat' dir='ltr'>oculare</span> <span class='ocrx_word' id='word_1_86' title='bbox 811 1582 978 1665; x_wconf 88' lang='lat' dir='ltr'>speculum</span> <span class='ocrx_word' id='word_1_87' title='bbox 1015 1604 1148 1664; x_wconf 89' lang='lat' dir='ltr'>novam,</span> <span class='ocrx_word' id='word_1_88' title='bbox 1181 1581 1288 1650; x_wconf 91' lang='lat' dir='ltr'>nescio</span> 
     </span>
     <span class='ocr_line' id='line_1_13' title="bbox 116 1686 1289 1774; baseline 0.003 -23"><span class='ocrx_word' id='word_1_89' title='bbox 116 1707 229 1771; x_wconf 86' lang='lat' dir='ltr'>quam,</span> <span class='ocrx_word' id='word_1_90' title='bbox 251 1686 505 1753; x_wconf 86' lang='lat' dir='ltr'>declarationem</span> <span class='ocrx_word' id='word_1_91' title='bbox 529 1708 586 1754; x_wconf 89' lang='lat' dir='ltr'>seu</span> <span class='ocrx_word' id='word_1_92' title='bbox 610 1686 931 1769; x_wconf 85' lang='lat' dir='ltr'>determinationem,</span> <span class='ocrx_word' id='word_1_93' title='bbox 962 1710 1021 1772; x_wconf 90' lang='lat' dir='ltr'>ego</span> <span class='ocrx_word' id='word_1_94' title='bbox 1053 1695 1211 1774; x_wconf 88' lang='lat' dir='ltr'>quantum</span> <span class='ocrx_word' id='word_1_95' title='bbox 1233 1711 1289 1774; x_wconf 90' lang='lat' dir='ltr'>po·</span> 
     </span>
     <span class='ocr_line' id='line_1_14' title="bbox 114 1791 1288 1876; baseline 0.003 -19"><span class='ocrx_word' id='word_1_96' title='bbox 114 1796 195 1872; x_wconf 87' lang='lat' dir='ltr'>tero,</span> <span class='ocrx_word' id='word_1_97' title='bbox 217 1791 396 1857; x_wconf 91' lang='lat' dir='ltr'>humillime</span> <span class='ocrx_word' id='word_1_98' title='bbox 419 1799 496 1876; x_wconf 89' lang='lat' dir='ltr'>peto</span> <span class='ocrx_word' id='word_1_99' title='bbox 518 1800 556 1858; x_wconf 91' lang='lat' dir='ltr'>ut</span> <span class='ocrx_word' id='word_1_100' title='bbox 586 1813 638 1857; x_wconf 89' lang='lat' dir='ltr'>me</span> <span class='ocrx_word' id='word_1_101' title='bbox 661 1792 822 1858; x_wconf 82' lang='lat' dir='ltr'>facturam</span> <span class='ocrx_word' id='word_1_102' title='bbox 848 1800 992 1860; x_wconf 88' lang='lat' dir='ltr'>vestram</span> <span class='ocrx_word' id='word_1_103' title='bbox 1024 1816 1088 1861; x_wconf 88' lang='lat' dir='ltr'>non</span> <span class='ocrx_word' id='word_1_104' title='bbox 1111 1793 1288 1861; x_wconf 90' lang='lat' dir='ltr'>destruatis</span> 
     </span>
     <span class='ocr_line' id='line_1_15' title="bbox 116 1897 1289 1983; baseline 0.003 -21"><span class='ocrx_word' id='word_1_105' title='bbox 116 1897 252 1983; x_wconf 80' lang='lat' dir='ltr'>neque⁴</span> <span class='ocrx_word' id='word_1_106' title='bbox 282 1897 323 1963; x_wconf 90' lang='lat' dir='ltr'>de</span> <span class='ocrx_word' id='word_1_107' title='bbox 347 1897 469 1982; x_wconf 90' lang='lat' dir='ltr'>gremio</span> <span class='ocrx_word' id='word_1_108' title='bbox 494 1898 590 1963; x_wconf 91' lang='lat' dir='ltr'>etde</span> <span class='ocrx_word' id='word_1_109' title='bbox 614 1919 748 1983; x_wconf 88' lang='lat' dir='ltr'>corpore</span> <span class='ocrx_word' id='word_1_110' title='bbox 771 1905 879 1964; x_wconf 84' lang='lat' dir='ltr'>vestro</span> <span class='ocrx_word' id='word_1_111' title='bbox 904 1899 1088 1965; x_wconf 86' lang='lat' dir='ltr'>membrum</span> <span class='ocrx_word' id='word_1_112' title='bbox 1110 1921 1162 1966; x_wconf 89' lang='lat' dir='ltr'>ma</span> <span class='ocrx_word' id='word_1_113' title='bbox 1193 1900 1289 1965; x_wconf 87' lang='lat' dir='ltr'>laeda-</span> 
     </span>
     <span class='ocr_line' id='line_1_16' title="bbox 114 2001 1289 2090; baseline 0.002 -21"><span class='ocrx_word' id='word_1_114' title='bbox 114 2003 166 2069; x_wconf 87' lang='lat' dir='ltr'>tis.</span> <span class='ocrx_word' id='word_1_115' title='bbox 223 2003 300 2069; x_wconf 90' lang='lat' dir='ltr'>Sum</span> <span class='ocrx_word' id='word_1_116' title='bbox 335 2001 449 2068; x_wconf 86' lang='lat' dir='ltr'>enim⁵</span> <span class='ocrx_word' id='word_1_117' title='bbox 493 2003 650 2069; x_wconf 89' lang='lat' dir='ltr'>scholaris</span> <span class='ocrx_word' id='word_1_118' title='bbox 687 2004 907 2071; x_wconf 86' lang='lat' dir='ltr'>universitatis</span> <span class='ocrx_word' id='word_1_119' title='bbox 946 2005 1137 2072; x_wconf 90' lang='lat' dir='ltr'>Parisieusis</span> <span class='ocrx_word' id='word_1_120' title='bbox 1169 2005 1289 2090; x_wconf 83' lang='lat' dir='ltr'>egregii</span> 
     </span>
     <span class='ocr_line' id='line_1_17' title="bbox 115 2108 1289 2197; baseline 0.001 -22"><span class='ocrx_word' id='word_1_121' title='bbox 115 2110 279 2193; x_wconf 87' lang='lat' dir='ltr'>quondam</span> <span class='ocrx_word' id='word_1_122' title='bbox 302 2108 468 2192; x_wconf 82' lang='lat' dir='ltr'>theologiae</span> <span class='ocrx_word' id='word_1_123' title='bbox 493 2108 635 2176; x_wconf 84' lang='lat' dir='ltr'>doctoris</span> <span class='ocrx_word' id='word_1_124' title='bbox 658 2110 778 2176; x_wconf 92' lang='lat' dir='ltr'>domini</span> <span class='ocrx_word' id='word_1_125' title='bbox 807 2110 942 2177; x_wconf 77' lang='lat' dir='ltr'>loannis</span> <span class='ocrx_word' id='word_1_126' title='bbox 974 2112 1015 2178; x_wconf 90' lang='lat' dir='ltr'>de</span> <span class='ocrx_word' id='word_1_127' title='bbox 1040 2111 1165 2197; x_wconf 89' lang='lat' dir='ltr'>Lepide</span> <span class='ocrx_word' id='word_1_128' title='bbox 1194 2112 1289 2178; x_wconf 85' lang='lat' dir='ltr'>disei-</span> 
     </span>
     <span class='ocr_line' id='line_1_18' title="bbox 112 2214 1288 2301; baseline 0.003 -21"><span class='ocrx_word' id='word_1_129' title='bbox 112 2215 211 2301; x_wconf 88' lang='lat' dir='ltr'>pulus</span> <span class='ocrx_word' id='word_1_130' title='bbox 244 2215 278 2280; x_wconf 90' lang='lat' dir='ltr'>in</span> <span class='ocrx_word' id='word_1_131' title='bbox 313 2214 459 2281; x_wconf 87' lang='lat' dir='ltr'>Serbona</span> <span class='ocrx_word' id='word_1_132' title='bbox 475 2215 502 2295; x_wconf 77' lang='lat'>⁶,</span> <span class='ocrx_word' id='word_1_133' title='bbox 538 2221 572 2280; x_wconf 93' lang='lat' dir='ltr'>et</span> <span class='ocrx_word' id='word_1_134' title='bbox 605 2220 721 2300; x_wconf 89' lang='lat' dir='ltr'>postea</span> <span class='ocrx_word' id='word_1_135' title='bbox 757 2215 953 2282; x_wconf 89' lang='lat' dir='ltr'>Marchionis</span> <span class='ocrx_word' id='word_1_136' title='bbox 991 2217 1165 2297; x_wconf 88' lang='lat' dir='ltr'>Badensis,</span> <span class='ocrx_word' id='word_1_137' title='bbox 1203 2239 1288 2284; x_wconf 89' lang='lat' dir='ltr'>nunc</span> 
     </span>
     <span class='ocr_line' id='line_1_19' title="bbox 113 2321 1289 2406; baseline 0.003 -20"><span class='ocrx_word' id='word_1_138' title='bbox 113 2321 268 2406; x_wconf 85' lang='lat' dir='ltr'>Episcopi</span> <span class='ocrx_word' id='word_1_139' title='bbox 290 2321 507 2406; x_wconf 82' lang='lat' dir='ltr'>Trajectensis</span> <span class='ocrx_word' id='word_1_140' title='bbox 531 2321 780 2406; x_wconf 91' lang='lat' dir='ltr'>condiscipulus,</span> <span class='ocrx_word' id='word_1_141' title='bbox 811 2323 973 2406; x_wconf 86' lang='lat' dir='ltr'>quondam</span> <span class='ocrx_word' id='word_1_142' title='bbox 1008 2323 1051 2389; x_wconf 90' lang='lat' dir='ltr'>ad</span> <span class='ocrx_word' id='word_1_143' title='bbox 1074 2324 1175 2390; x_wconf 90' lang='lat' dir='ltr'>solem</span> <span class='ocrx_word' id='word_1_144' title='bbox 1197 2324 1289 2390; x_wconf 89' lang='lat' dir='ltr'>habi·</span> 
     </span>
     <span class='ocr_line' id='line_1_20' title="bbox 113 2427 1288 2511; baseline 0.004 -19"><span class='ocrx_word' id='word_1_145' title='bbox 113 2432 189 2493; x_wconf 89' lang='lat' dir='ltr'>tans</span> <span class='ocrx_word' id='word_1_146' title='bbox 220 2427 255 2492; x_wconf 90' lang='lat' dir='ltr'>in</span> <span class='ocrx_word' id='word_1_147' title='bbox 285 2427 362 2492; x_wconf 72' lang='lat' dir='ltr'>ria⁷</span> <span class='ocrx_word' id='word_1_148' title='bbox 395 2427 425 2492; x_wconf 85' lang='lat' dir='ltr'>S.</span> <span class='ocrx_word' id='word_1_149' title='bbox 449 2427 580 2507; x_wconf 85' lang='lat' dir='ltr'>Jacobi,</span> <span class='ocrx_word' id='word_1_150' title='bbox 611 2432 687 2492; x_wconf 89' lang='lat' dir='ltr'>ante</span> <span class='ocrx_word' id='word_1_151' title='bbox 720 2449 820 2494; x_wconf 91' lang='lat' dir='ltr'>annos</span> <span class='ocrx_word' id='word_1_152' title='bbox 851 2428 878 2494; x_wconf 92' lang='lat' dir='ltr'>si</span> <span class='ocrx_word' id='word_1_153' title='bbox 909 2429 977 2494; x_wconf 92' lang='lat' dir='ltr'>rite</span> <span class='ocrx_word' id='word_1_154' title='bbox 1001 2430 1155 2496; x_wconf 90' lang='lat' dir='ltr'>recordor</span> <span class='ocrx_word' id='word_1_155' title='bbox 1178 2435 1230 2511; x_wconf 82' lang='lat'>45,</span> <span class='ocrx_word' id='word_1_156' title='bbox 1255 2437 1288 2497; x_wconf 88' lang='lat' dir='ltr'>et</span> 
     </span>
     <span class='ocr_line' id='line_1_21' title="bbox 113 2531 1288 2620; baseline 0.003 -22"><span class='ocrx_word' id='word_1_157' title='bbox 113 2531 275 2598; x_wconf 87' lang='lat' dir='ltr'>hactenus</span> <span class='ocrx_word' id='word_1_158' title='bbox 297 2532 391 2598; x_wconf 89' lang='lat' dir='ltr'>almae</span> <span class='ocrx_word' id='word_1_159' title='bbox 414 2534 511 2599; x_wconf 88' lang='lat' dir='ltr'>matri</span> <span class='ocrx_word' id='word_1_160' title='bbox 533 2539 653 2598; x_wconf 88' lang='lat' dir='ltr'>nostrae</span> <span class='ocrx_word' id='word_1_161' title='bbox 677 2533 852 2598; x_wconf 88' lang='lat' dir='ltr'>Parisiensi</span> <span class='ocrx_word' id='word_1_162' title='bbox 885 2535 1090 2601; x_wconf 82' lang='lat' dir='ltr'>universitati</span> <span class='ocrx_word' id='word_1_163' title='bbox 1118 2557 1183 2601; x_wconf 92' lang='lat' dir='ltr'>non</span> <span class='ocrx_word' id='word_1_164' title='bbox 1214 2557 1288 2620; x_wconf 90' lang='lat' dir='ltr'>par-</span> 
     </span>
     <span class='ocr_line' id='line_1_22' title="bbox 114 2637 1288 2725; baseline 0.003 -21"><span class='ocrx_word' id='word_1_165' title='bbox 114 2659 190 2704; x_wconf 83' lang='lat' dir='ltr'>ram</span> <span class='ocrx_word' id='word_1_166' title='bbox 224 2637 353 2703; x_wconf 88' lang='lat' dir='ltr'>laudem</span> <span class='ocrx_word' id='word_1_167' title='bbox 388 2639 484 2705; x_wconf 90' lang='lat' dir='ltr'>attuli</span> <span class='ocrx_word' id='word_1_168' title='bbox 514 2639 701 2719; x_wconf 90' lang='lat' dir='ltr'>scribendo,</span> <span class='ocrx_word' id='word_1_169' title='bbox 734 2638 905 2723; x_wconf 91' lang='lat' dir='ltr'>loquendo,</span> <span class='ocrx_word' id='word_1_170' title='bbox 938 2640 1092 2721; x_wconf 89' lang='lat' dir='ltr'>docendo,</span> <span class='ocrx_word' id='word_1_171' title='bbox 1126 2645 1163 2705; x_wconf 90' lang='lat' dir='ltr'>ut</span> <span class='ocrx_word' id='word_1_172' title='bbox 1186 2661 1288 2725; x_wconf 89' lang='lat' dir='ltr'>opera</span> 
     </span>
     <span class='ocr_line' id='line_1_23' title="bbox 112 2742 1287 2829; baseline 0 -19"><span class='ocrx_word' id='word_1_173' title='bbox 112 2750 229 2811; x_wconf 85' lang='lat' dir='ltr'>nostra</span> <span class='ocrx_word' id='word_1_174' title='bbox 245 2743 267 2799; x_wconf 81' lang='lat'>⁸.</span> <span class='ocrx_word' id='word_1_175' title='bbox 280 2743 435 2811; x_wconf 87' lang='lat' dir='ltr'>indicant.</span> <span class='ocrx_word' id='word_1_176' title='bbox 481 2744 548 2810; x_wconf 87' lang='lat' dir='ltr'>Nee</span> <span class='ocrx_word' id='word_1_177' title='bbox 572 2744 675 2811; x_wconf 90' lang='lat' dir='ltr'>ullam</span> <span class='ocrx_word' id='word_1_178' title='bbox 699 2745 728 2810; x_wconf 94' lang='lat' dir='ltr'>ei</span> <span class='ocrx_word' id='word_1_179' title='bbox 751 2742 910 2809; x_wconf 86' lang='lat' dir='ltr'>maculam</span> <span class='ocrx_word' id='word_1_180' title='bbox 933 2765 993 2827; x_wconf 92' lang='lat' dir='ltr'>per</span> <span class='ocrx_word' id='word_1_181' title='bbox 1017 2743 1157 2817; x_wconf 60' lang='lat' dir='ltr'>oculare,</span> <span class='ocrx_word' id='word_1_182' title='bbox 1175 2767 1287 2829; x_wconf 88' lang='lat' dir='ltr'>specu-</span> 
     </span>
     <span class='ocr_line' id='line_1_24' title="bbox 112 2848 1287 2936; baseline 0.001 -22"><span class='ocrx_word' id='word_1_183' title='bbox 112 2850 181 2915; x_wconf 91' lang='lat' dir='ltr'>lum</span> <span class='ocrx_word' id='word_1_184' title='bbox 204 2850 314 2930; x_wconf 90' lang='lat' dir='ltr'>inussi,</span> <span class='ocrx_word' id='word_1_185' title='bbox 349 2850 436 2936; x_wconf 90' lang='lat' dir='ltr'>quod</span> <span class='ocrx_word' id='word_1_186' title='bbox 470 2856 577 2916; x_wconf 91' lang='lat' dir='ltr'>stante</span> <span class='ocrx_word' id='word_1_187' title='bbox 610 2871 684 2916; x_wconf 89' lang='lat' dir='ltr'>mea</span> <span class='ocrx_word' id='word_1_188' title='bbox 713 2848 931 2915; x_wconf 83' lang='lat' dir='ltr'>declaratione</span> <span class='ocrx_word' id='word_1_189' title='bbox 955 2849 1051 2915; x_wconf 92' lang='lat' dir='ltr'>simul</span> <span class='ocrx_word' id='word_1_190' title='bbox 1074 2855 1108 2914; x_wconf 91' lang='lat' dir='ltr'>et</span> <span class='ocrx_word' id='word_1_191' title='bbox 1129 2849 1163 2914; x_wconf 92' lang='lat' dir='ltr'>in</span> <span class='ocrx_word' id='word_1_192' title='bbox 1186 2851 1287 2916; x_wconf 87' lang='lat' dir='ltr'>conti-</span> 
     </span>
     <span class='ocr_line' id='line_1_25' title="bbox 112 2954 1287 3042; baseline 0.001 -21"><span class='ocrx_word' id='word_1_193' title='bbox 112 2955 205 3021; x_wconf 86' lang='lat' dir='ltr'>nenti</span> <span class='ocrx_word' id='word_1_194' title='bbox 228 2954 328 3036; x_wconf 88' lang='lat' dir='ltr'>edita,</span> <span class='ocrx_word' id='word_1_195' title='bbox 359 2963 429 3021; x_wconf 91' lang='lat' dir='ltr'>tum</span> <span class='ocrx_word' id='word_1_196' title='bbox 462 2954 565 3022; x_wconf 90' lang='lat' dir='ltr'>letina</span> <span class='ocrx_word' id='word_1_197' title='bbox 596 2977 691 3042; x_wconf 90' lang='lat' dir='ltr'>quam</span> <span class='ocrx_word' id='word_1_198' title='bbox 717 2954 882 3020; x_wconf 89' lang='lat' dir='ltr'>teutonica</span> <span class='ocrx_word' id='word_1_199' title='bbox 905 2954 985 3021; x_wconf 93' lang='lat' dir='ltr'>nibil</span> <span class='ocrx_word' id='word_1_200' title='bbox 1008 2955 1152 3021; x_wconf 90' lang='lat' dir='ltr'>continet</span> <span class='ocrx_word' id='word_1_201' title='bbox 1174 2975 1213 3021; x_wconf 89' lang='lat' dir='ltr'>ac</span> <span class='ocrx_word' id='word_1_202' title='bbox 1236 2976 1287 3022; x_wconf 89' lang='lat' dir='ltr'>as-</span> 
     </span>
     <span class='ocr_line' id='line_1_26' title="bbox 114 3050 1287 3143; baseline -0.001 -16"><span class='ocrx_word' id='word_1_203' title='bbox 114 3063 196 3127; x_wconf 90' lang='lat' dir='ltr'>serit</span> <span class='ocrx_word' id='word_1_204' title='bbox 219 3050 464 3142; x_wconf 75' lang='lat' dir='ltr'>scandalorum,</span> <span class='ocrx_word' id='word_1_205' title='bbox 499 3061 579 3127; x_wconf 93' lang='lat' dir='ltr'>nihil</span> <span class='ocrx_word' id='word_1_206' title='bbox 611 3068 725 3129; x_wconf 89' lang='lat' dir='ltr'>contra</span> <span class='ocrx_word' id='word_1_207' title='bbox 759 3060 930 3127; x_wconf 88' lang='lat' dir='ltr'>ecclesiam</span> <span class='ocrx_word' id='word_1_208' title='bbox 972 3060 1164 3127; x_wconf 88' lang='lat' dir='ltr'>catholicam</span> <span class='ocrx_word' id='word_1_209' title='bbox 1182 3060 1214 3143; x_wconf 79' lang='lat'>⁹,</span> <span class='ocrx_word' id='word_1_210' title='bbox 1248 3068 1287 3127; x_wconf 91' lang='lat' dir='ltr'>ut</span> 
     </span>
     <span class='ocr_line' id='line_1_27' title="bbox 97 3169 519 3253; baseline 0 -19"><span class='ocrx_word' id='word_1_211' title='bbox 97 3204 100 3208; x_wconf 21' lang='grc' dir='ltr'><strong>Δ</strong></span> <span class='ocrx_word' id='word_1_212' title='bbox 112 3174 208 3253; x_wconf 89' lang='lat' dir='ltr'>patet</span> <span class='ocrx_word' id='word_1_213' title='bbox 231 3169 350 3235; x_wconf 84' lang='lat' dir='ltr'>acriter</span> <span class='ocrx_word' id='word_1_214' title='bbox 372 3169 519 3235; x_wconf 86' lang='lat' dir='ltr'>intuenti.</span> 
     </span>
    </p>

    <p class='ocr_par' dir='ltr' id='par_1_4' title="bbox 112 3272 1287 3891">
     <span class='ocr_line' id='line_1_28' title="bbox 205 3272 1285 3358; baseline -0.001 -18"><span class='ocrx_word' id='word_1_215' title='bbox 205 3273 312 3354; x_wconf 81' lang='lat' dir='ltr'>Quare</span> <span class='ocrx_word' id='word_1_216' title='bbox 351 3275 394 3341; x_wconf 90' lang='lat' dir='ltr'>ad</span> <span class='ocrx_word' id='word_1_217' title='bbox 427 3295 483 3341; x_wconf 85' lang='lat' dir='ltr'>vos</span> <span class='ocrx_word' id='word_1_218' title='bbox 515 3275 680 3358; x_wconf 89' lang='lat' dir='ltr'>integrum</span> <span class='ocrx_word' id='word_1_219' title='bbox 715 3273 844 3339; x_wconf 88' lang='lat' dir='ltr'>oculare</span> <span class='ocrx_word' id='word_1_220' title='bbox 867 3274 1033 3357; x_wconf 87' lang='lat' dir='ltr'>speculum</span> <span class='ocrx_word' id='word_1_221' title='bbox 1062 3273 1165 3355; x_wconf 86' lang='lat' dir='ltr'>mitto,</span> <span class='ocrx_word' id='word_1_222' title='bbox 1198 3272 1285 3358; x_wconf 91' lang='lat' dir='ltr'>quod</span> 
     </span>
     <span class='ocr_line' id='line_1_29' title="bbox 113 3378 1285 3461; baseline 0 -15"><span class='ocrx_word' id='word_1_223' title='bbox 113 3380 295 3446; x_wconf 85' lang='lat' dir='ltr'>adversarii</span> <span class='ocrx_word' id='word_1_224' title='bbox 329 3386 514 3446; x_wconf 89' lang='lat' dir='ltr'>truncatum</span> <span class='ocrx_word' id='word_1_225' title='bbox 550 3386 583 3446; x_wconf 92' lang='lat' dir='ltr'>et</span> <span class='ocrx_word' id='word_1_226' title='bbox 614 3378 801 3445; x_wconf 90' lang='lat' dir='ltr'>mutilatum</span> <span class='ocrx_word' id='word_1_227' title='bbox 834 3379 908 3446; x_wconf 91' lang='lat' dir='ltr'>dolo</span> <span class='ocrx_word' id='word_1_228' title='bbox 938 3380 1023 3447; x_wconf 90' lang='lat' dir='ltr'>malo</span> <span class='ocrx_word' id='word_1_229' title='bbox 1048 3380 1285 3461; x_wconf 87' lang='lat' dir='ltr'>circumtulere,</span> 
     </span>
     <span class='ocr_line' id='line_1_30' title="bbox 114 3485 1285 3572; baseline -0.001 -20"><span class='ocrx_word' id='word_1_230' title='bbox 114 3503 180 3572; x_wconf 85' lang='lat' dir='ltr'>qno</span> <span class='ocrx_word' id='word_1_231' title='bbox 203 3486 332 3552; x_wconf 82' lang='lat' dir='ltr'>facibus</span> <span class='ocrx_word' id='word_1_232' title='bbox 355 3486 518 3572; x_wconf 87' lang='lat' dir='ltr'>quoslibet</span> <span class='ocrx_word' id='word_1_233' title='bbox 541 3485 691 3551; x_wconf 88' lang='lat' dir='ltr'>doctores</span> <span class='ocrx_word' id='word_1_234' title='bbox 714 3485 777 3552; x_wconf 92' lang='lat' dir='ltr'>sibi</span> <span class='ocrx_word' id='word_1_235' title='bbox 799 3485 1003 3551; x_wconf 87' lang='lat' dir='ltr'>consulentes</span> <span class='ocrx_word' id='word_1_236' title='bbox 1034 3485 1068 3550; x_wconf 88' lang='lat' dir='ltr'>in</span> <span class='ocrx_word' id='word_1_237' title='bbox 1100 3507 1192 3552; x_wconf 88' lang='lat' dir='ltr'>suam</span> <span class='ocrx_word' id='word_1_238' title='bbox 1216 3487 1285 3572; x_wconf 90' lang='lat' dir='ltr'>opi-</span> 
     </span>
     <span class='ocr_line' id='line_1_31' title="bbox 113 3590 1287 3660; baseline 0.001 -2"><span class='ocrx_word' id='word_1_239' title='bbox 113 3594 243 3660; x_wconf 88' lang='lat' dir='ltr'>nionem</span> <span class='ocrx_word' id='word_1_240' title='bbox 264 3593 437 3659; x_wconf 85' lang='lat' dir='ltr'>adversum</span> <span class='ocrx_word' id='word_1_241' title='bbox 466 3613 516 3659; x_wconf 90' lang='lat' dir='ltr'>me</span> <span class='ocrx_word' id='word_1_242' title='bbox 539 3591 717 3657; x_wconf 90' lang='lat' dir='ltr'>traherent.</span> <span class='ocrx_word' id='word_1_243' title='bbox 748 3590 886 3658; x_wconf 88' lang='lat' dir='ltr'>Habetis</span> <span class='ocrx_word' id='word_1_244' title='bbox 911 3593 1140 3658; x_wconf 75' lang='lat' dir='ltr'>sacratissima</span> <span class='ocrx_word' id='word_1_245' title='bbox 1163 3592 1287 3659; x_wconf 89' lang='lat' dir='ltr'>theolo-</span> 
     </span>
     <span class='ocr_line' id='line_1_32' title="bbox 112 3697 1286 3784; baseline -0.003 -20"><span class='ocrx_word' id='word_1_246' title='bbox 112 3700 174 3784; x_wconf 83' lang='lat' dir='ltr'>giae</span> <span class='ocrx_word' id='word_1_247' title='bbox 196 3698 375 3766; x_wconf 90' lang='lat' dir='ltr'>doctissimi</span> <span class='ocrx_word' id='word_1_248' title='bbox 395 3699 546 3766; x_wconf 90' lang='lat' dir='ltr'>doctores</span> <span class='ocrx_word' id='word_1_249' title='bbox 569 3706 603 3765; x_wconf 87' lang='lat' dir='ltr'>et</span> <span class='ocrx_word' id='word_1_250' title='bbox 624 3697 825 3782; x_wconf 90' lang='lat' dir='ltr'>integerrimi</span> <span class='ocrx_word' id='word_1_251' title='bbox 847 3703 969 3782; x_wconf 84' lang='lat' dir='ltr'>patres,</span> <span class='ocrx_word' id='word_1_252' title='bbox 994 3719 1151 3764; x_wconf 89' lang='lat' dir='ltr'>summam</span> <span class='ocrx_word' id='word_1_253' title='bbox 1179 3717 1286 3761; x_wconf 86' lang='lat' dir='ltr'>causae</span> 
     </span>
     <span class='ocr_line' id='line_1_33' title="bbox 112 3801 1285 3891; baseline -0.005 -19"><span class='ocrx_word' id='word_1_254' title='bbox 112 3826 195 3872; x_wconf 87' lang='lat' dir='ltr'>meae</span> <span class='ocrx_word' id='word_1_255' title='bbox 235 3812 392 3891; x_wconf 83' lang='lat' dir='ltr'>quantum</span> <span class='ocrx_word' id='word_1_256' title='bbox 417 3804 488 3871; x_wconf 89' lang='lat' dir='ltr'>fieri</span> <span class='ocrx_word' id='word_1_257' title='bbox 514 3808 622 3890; x_wconf 88' lang='lat' dir='ltr'>potuit</span> <span class='ocrx_word' id='word_1_258' title='bbox 650 3805 788 3870; x_wconf 88' lang='lat' dir='ltr'>celerius</span> <span class='ocrx_word' id='word_1_259' title='bbox 811 3803 854 3868; x_wconf 89' lang='lat' dir='ltr'>ad</span> <span class='ocrx_word' id='word_1_260' title='bbox 880 3825 936 3869; x_wconf 84' lang='lat' dir='ltr'>vos</span> <span class='ocrx_word' id='word_1_261' title='bbox 965 3803 1042 3868; x_wconf 88' lang='lat' dir='ltr'>licet</span> <span class='ocrx_word' id='word_1_262' title='bbox 1065 3801 1285 3885; x_wconf 82' lang='lat' dir='ltr'>perfunctorie</span> 
     </span>
    </p>
   </div>
   <div class='ocr_carea' id='block_1_3' title="bbox 110 3905 1286 4282">
    <p class='ocr_par' dir='ltr' id='par_1_5' title="bbox 112 3905 1286 4077">
     <span class='ocr_line' id='line_1_34' title="bbox 112 3905 1286 3997; baseline -0.007 -19"><span class='ocrx_word' id='word_1_263' title='bbox 112 3913 256 3995; x_wconf 89' lang='lat' dir='ltr'>missam,</span> <span class='ocrx_word' id='word_1_264' title='bbox 280 3913 401 3997; x_wconf 86' lang='lat' dir='ltr'>primo:</span> <span class='ocrx_word' id='word_1_265' title='bbox 429 3912 595 3997; x_wconf 86' lang='lat' dir='ltr'>Integrum</span> <span class='ocrx_word' id='word_1_266' title='bbox 618 3910 749 3978; x_wconf 89' lang='lat' dir='ltr'>oculare</span> <span class='ocrx_word' id='word_1_267' title='bbox 777 3907 960 3994; x_wconf 84' lang='lat' dir='ltr'>speculum,</span> <span class='ocrx_word' id='word_1_268' title='bbox 991 3905 1148 3973; x_wconf 90' lang='lat' dir='ltr'>secundo:</span> <span class='ocrx_word' id='word_1_269' title='bbox 1172 3927 1286 3991; x_wconf 86' lang='lat' dir='ltr'>pacem</span> 
     </span>
     <span class='ocr_line' id='line_1_35' title="bbox 693 4039 710 4077; baseline 0 0"><span class='ocrx_word' id='word_1_270' title='bbox 693 4039 710 4077; x_wconf 72' lang='lat' dir='ltr'>a</span> 
     </span>
    </p>

    <p class='ocr_par' dir='ltr' id='par_1_6' title="bbox 190 4122 1285 4200">
     <span class='ocr_line' id='line_1_36' title="bbox 190 4122 1285 4200; baseline -0.011 -16"><span class='ocrx_word' id='word_1_271' title='bbox 190 4137 202 4185; x_wconf 92' lang='lat'>1</span> <span class='ocrx_word' id='word_1_272' title='bbox 223 4131 429 4200; x_wconf 85' lang='lat' dir='ltr'>Vernrtheilung</span> <span class='ocrx_word' id='word_1_273' title='bbox 441 4130 633 4185; x_wconf 84' lang='lat' dir='ltr'>Hochstratens</span> <span class='ocrx_word' id='word_1_274' title='bbox 651 4130 678 4180; x_wconf 93' lang='lat' dir='ltr'>in</span> <span class='ocrx_word' id='word_1_275' title='bbox 697 4128 739 4179; x_wconf 89' lang='lat' dir='ltr'>die</span> <span class='ocrx_word' id='word_1_276' title='bbox 757 4126 851 4179; x_wconf 80' lang='lat' dir='ltr'>hasten</span> <span class='ocrx_word' id='word_1_277' title='bbox 872 4130 905 4177; x_wconf 77' lang='lat'>24</span> <span class='ocrx_word' id='word_1_278' title='bbox 921 4125 997 4193; x_wconf 85' lang='lat' dir='ltr'>April</span> <span class='ocrx_word' id='word_1_279' title='bbox 1013 4127 1094 4187; x_wconf 78' lang='lat'>15143</span> <span class='ocrx_word' id='word_1_280' title='bbox 1113 4123 1168 4191; x_wconf 80' lang='lat' dir='ltr'>vgl.</span> <span class='ocrx_word' id='word_1_281' title='bbox 1184 4122 1285 4174; x_wconf 88' lang='lat' dir='ltr'>Reueh-</span> 
     </span>
    </p>

    <p class='ocr_par' dir='ltr' id='par_1_7' title="bbox 110 4211 1285 4282">
     <span class='ocr_line' id='line_1_37' title="bbox 110 4211 1285 4282; baseline -0.011 -9"><span class='ocrx_word' id='word_1_282' title='bbox 110 4222 152 4273; x_wconf 89' lang='lat' dir='ltr'>lin</span> <span class='ocrx_word' id='word_1_283' title='bbox 171 4225 233 4274; x_wconf 85' lang='grc'><strong>304.</strong></span> <span class='ocrx_word' id='word_1_284' title='bbox 306 4220 423 4272; x_wconf 82' lang='lat' dir='ltr'>aPlaebi</span> <span class='ocrx_word' id='word_1_285' title='bbox 450 4225 473 4272; x_wconf 81' lang='lat'>2.</span> <span class='ocrx_word' id='word_1_286' title='bbox 547 4216 824 4271; x_wconf 82' lang='lat' dir='ltr'>3Excellcutissimus</span> <span class='ocrx_word' id='word_1_287' title='bbox 848 4231 922 4282; x_wconf 84' lang='lat' dir='ltr'>ansg.</span> <span class='ocrx_word' id='word_1_288' title='bbox 948 4219 972 4264; x_wconf 80' lang='lat'>2.</span> <span class='ocrx_word' id='word_1_289' title='bbox 997 4216 1020 4263; x_wconf 86' lang='grc'>3.</span> <span class='ocrx_word' id='word_1_290' title='bbox 1097 4211 1226 4277; x_wconf 82' lang='lat' dir='ltr'>4Meque</span> <span class='ocrx_word' id='word_1_291' title='bbox 1244 4226 1285 4275; x_wconf 89' lang='lat' dir='ltr'>ne,</span> 
     </span>
    </p>
   </div>
   <div class='ocr_carea' id='block_1_4' title="bbox 110 4301 1285 4457">
    <p class='ocr_par' dir='ltr' id='par_1_8' title="bbox 110 4301 1285 4457">
     <span class='ocr_line' id='line_1_38' title="bbox 112 4301 1285 4376; baseline -0.011 -14"><span class='ocrx_word' id='word_1_292' title='bbox 112 4317 137 4364; x_wconf 80' lang='lat'>2.</span> <span class='ocrx_word' id='word_1_293' title='bbox 159 4314 184 4363; x_wconf 87' lang='lat'>3.</span> <span class='ocrx_word' id='word_1_294' title='bbox 259 4308 354 4376; x_wconf 79' lang='lat' dir='ltr'>ovgl.</span> <span class='ocrx_word' id='word_1_295' title='bbox 382 4325 415 4360; x_wconf 82' lang='lat' dir='ltr'>ru</span> <span class='ocrx_word' id='word_1_296' title='bbox 440 4308 498 4359; x_wconf 88' lang='lat' dir='ltr'>dom</span> <span class='ocrx_word' id='word_1_297' title='bbox 517 4305 658 4375; x_wconf 83' lang='lat' dir='ltr'>folgenden</span> <span class='ocrx_word' id='word_1_298' title='bbox 682 4304 732 4355; x_wconf 91' lang='lat' dir='ltr'>den</span> <span class='ocrx_word' id='word_1_299' title='bbox 751 4304 820 4357; x_wconf 83' lang='lat' dir='ltr'>brief</span> <span class='ocrx_word' id='word_1_300' title='bbox 840 4319 875 4352; x_wconf 87' lang='lat' dir='ltr'>an</span> <span class='ocrx_word' id='word_1_301' title='bbox 894 4302 979 4354; x_wconf 84' lang='lat' dir='ltr'>Faber</span> <span class='ocrx_word' id='word_1_302' title='bbox 998 4304 1029 4351; x_wconf 90' lang='grc'><strong>31</strong></span> <span class='ocrx_word' id='word_1_303' title='bbox 1051 4301 1120 4367; x_wconf 79' lang='lat' dir='ltr'>Aug.</span> <span class='ocrx_word' id='word_1_304' title='bbox 1142 4301 1209 4350; x_wconf 81' lang='grc'><strong>1513</strong></span> <span class='ocrx_word' id='word_1_305' title='bbox 1227 4315 1285 4350; x_wconf 88' lang='lat' dir='ltr'>nro.</span> 
     </span>
     <span class='ocr_line' id='line_1_39' title="bbox 110 4388 1285 4457; baseline -0.009 -6"><span class='ocrx_word' id='word_1_306' title='bbox 110 4399 229 4451; x_wconf 81' lang='lat' dir='ltr'>CLXXI.</span> <span class='ocrx_word' id='word_1_307' title='bbox 302 4397 457 4450; x_wconf 73' lang='lat' dir='ltr'>bdorbona</span> <span class='ocrx_word' id='word_1_308' title='bbox 476 4401 500 4448; x_wconf 82' lang='lat'>3.</span> <span class='ocrx_word' id='word_1_309' title='bbox 574 4394 677 4446; x_wconf 75' lang='lat' dir='ltr'>avios</span> <span class='ocrx_word' id='word_1_310' title='bbox 697 4396 720 4442; x_wconf 79' lang='lat'>2.</span> <span class='ocrx_word' id='word_1_311' title='bbox 742 4396 765 4444; x_wconf 91' lang='grc'>3.</span> <span class='ocrx_word' id='word_1_312' title='bbox 840 4392 1139 4457; x_wconf 80' lang='lat' dir='ltr'>8Nostraopera2.3.</span> <span class='ocrx_word' id='word_1_313' title='bbox 1213 4388 1285 4441; x_wconf 77' lang='lat' dir='ltr'>one</span> 
     </span>
    </p>
   </div>
   <div class='ocr_carea' id='block_1_5' title="bbox 110 4484 666 4553">
    <p class='ocr_par' dir='ltr' id='par_1_9' title="bbox 110 4484 666 4553">
     <span class='ocr_line' id='line_1_40' title="bbox 110 4484 666 4553; baseline -0.018 -12"><span class='ocrx_word' id='word_1_314' title='bbox 110 4489 210 4541; x_wconf 81' lang='lat' dir='ltr'>asserit</span> <span class='ocrx_word' id='word_1_315' title='bbox 229 4484 284 4537; x_wconf 90' lang='lat' dir='ltr'>und</span> <span class='ocrx_word' id='word_1_316' title='bbox 301 4486 459 4539; x_wconf 80' lang='lat' dir='ltr'>cetlolicam</span> <span class='ocrx_word' id='word_1_317' title='bbox 479 4484 577 4553; x_wconf 83' lang='lat' dir='ltr'>ausgel.</span> <span class='ocrx_word' id='word_1_318' title='bbox 598 4487 622 4533; x_wconf 80' lang='lat'>2.</span> <span class='ocrx_word' id='word_1_319' title='bbox 643 4485 666 4531; x_wconf 86' lang='grc'>3.</span> 
     </span>
    </p>
   </div>
   <div class='ocr_carea' id='block_1_6' title="bbox 0 0 1404 4980">
    <p class='ocr_par' dir='ltr' id='par_1_10' title="bbox 0 0 1404 4980">
     <span class='ocr_line' id='line_1_41' title="bbox 0 0 1404 4980; baseline 0 1"><span class='ocrx_word' id='word_1_320' title='bbox 0 0 1404 4980; x_wconf 95' lang='lat' dir='ltr'> </span> 
     </span>
    </p>
   </div>
  </div>
 </body>
</html>
