<?xml version="1.0" encoding="UTF-8"?>
<!DOCTYPE html PUBLIC "-//W3C//DTD XHTML 1.0 Transitional//EN"
    "http://www.w3.org/TR/xhtml1/DTD/xhtml1-transitional.dtd">
<html xmlns="http://www.w3.org/1999/xhtml" xml:lang="en" lang="en">
 <head>
  <title>
</title>
<meta http-equiv="Content-Type" content="text/html;charset=utf-8" />
  <meta name='ocr-system' content='tesseract 3.04.00' />
  <meta name='ocr-capabilities' content='ocr_page ocr_carea ocr_par ocr_line ocrx_word'/>
</head>
<body>
  <div class='ocr_page' id='page_1' title='image "./johannreuchlins01reucgoog/johannreuchlins01reucgoog_0177.png"; bbox 0 0 2580 4178; ppageno 0'>
   <div class='ocr_carea' id='block_1_1' title="bbox 50 103 1228 2932">
    <p class='ocr_par' dir='ltr' id='par_1_1' title="bbox 53 103 1226 278">
     <span class='ocr_line' id='line_1_1' title="bbox 53 103 1226 195; baseline 0.006 -24"><span class='ocrx_word' id='word_1_1' title='bbox 53 125 203 173; x_wconf 87' lang='lat' dir='ltr'>mearum</span> <span class='ocrx_word' id='word_1_2' title='bbox 228 103 488 172; x_wconf 78' lang='lat' dir='ltr'>imbecillitatem</span> <span class='ocrx_word' id='word_1_3' title='bbox 519 111 553 172; x_wconf 86' lang='lat' dir='ltr'>et</span> <span class='ocrx_word' id='word_1_4' title='bbox 587 103 691 185; x_wconf 86' lang='lat' dir='ltr'>laicus</span> <span class='ocrx_word' id='word_1_5' title='bbox 723 124 817 172; x_wconf 89' lang='lat' dir='ltr'>saera</span> <span class='ocrx_word' id='word_1_6' title='bbox 840 105 968 175; x_wconf 83' lang='lat' dir='ltr'>librabo</span> <span class='ocrx_word' id='word_1_7' title='bbox 996 110 1084 195; x_wconf 92' lang='lat' dir='ltr'>quod</span> <span class='ocrx_word' id='word_1_8' title='bbox 1112 111 1188 178; x_wconf 91' lang='lat' dir='ltr'>boni</span> <span class='ocrx_word' id='word_1_9' title='bbox 1216 116 1226 154; x_wconf 90' lang='lat'>¹</span> 
     </span>
     <span class='ocr_line' id='line_1_2' title="bbox 57 210 407 278; baseline 0 -2"><span class='ocrx_word' id='word_1_10' title='bbox 57 210 238 277; x_wconf 86' lang='lat' dir='ltr'>consulatis</span> <span class='ocrx_word' id='word_1_11' title='bbox 261 211 407 278; x_wconf 86' lang='lat' dir='ltr'>obsecro.</span> 
     </span>
    </p>

    <p class='ocr_par' dir='ltr' id='par_1_2' title="bbox 51 315 1228 1563">
     <span class='ocr_line' id='line_1_3' title="bbox 145 315 1228 401; baseline 0.007 -21"><span class='ocrx_word' id='word_1_12' title='bbox 145 315 230 381; x_wconf 84' lang='lat' dir='ltr'>Nam</span> <span class='ocrx_word' id='word_1_13' title='bbox 258 322 296 382; x_wconf 91' lang='lat' dir='ltr'>ut</span> <span class='ocrx_word' id='word_1_14' title='bbox 328 317 547 401; x_wconf 83' lang='lat' dir='ltr'>complaceam</span> <span class='ocrx_word' id='word_1_15' title='bbox 575 317 758 384; x_wconf 86' lang='lat' dir='ltr'>venerando</span> <span class='ocrx_word' id='word_1_16' title='bbox 787 319 886 384; x_wconf 87' lang='lat' dir='ltr'>coetui</span> <span class='ocrx_word' id='word_1_17' title='bbox 908 324 1016 384; x_wconf 84' lang='lat' dir='ltr'>vestro</span> <span class='ocrx_word' id='word_1_18' title='bbox 1040 327 1073 385; x_wconf 90' lang='lat' dir='ltr'>et</span> <span class='ocrx_word' id='word_1_19' title='bbox 1097 342 1228 387; x_wconf 84' lang='lat' dir='ltr'>exacer-</span> 
     </span>
     <span class='ocr_line' id='line_1_4' title="bbox 53 419 1225 508; baseline 0.005 -22"><span class='ocrx_word' id='word_1_20' title='bbox 53 419 161 501; x_wconf 84' lang='lat' dir='ltr'>batos,</span> <span class='ocrx_word' id='word_1_21' title='bbox 185 420 213 487; x_wconf 85' lang='lat' dir='ltr'>si</span> <span class='ocrx_word' id='word_1_22' title='bbox 236 422 292 507; x_wconf 92' lang='lat' dir='ltr'>qui</span> <span class='ocrx_word' id='word_1_23' title='bbox 315 423 389 500; x_wconf 85' lang='lat' dir='ltr'>siut,</span> <span class='ocrx_word' id='word_1_24' title='bbox 412 423 618 489; x_wconf 86' lang='lat' dir='ltr'>reconciliem</span> <span class='ocrx_word' id='word_1_25' title='bbox 643 429 676 488; x_wconf 88' lang='lat' dir='ltr'>et</span> <span class='ocrx_word' id='word_1_26' title='bbox 692 422 885 489; x_wconf 87' lang='lat' dir='ltr'>nutantibus</span> <span class='ocrx_word' id='word_1_27' title='bbox 900 426 1063 508; x_wconf 84' lang='lat' dir='ltr'>porrigam</span> <span class='ocrx_word' id='word_1_28' title='bbox 1086 448 1225 506; x_wconf 87' lang='lat' dir='ltr'>manum,</span> 
     </span>
     <span class='ocr_line' id='line_1_5' title="bbox 53 525 1224 617; baseline 0.005 -25"><span class='ocrx_word' id='word_1_29' title='bbox 53 532 89 592; x_wconf 89' lang='lat' dir='ltr'>et</span> <span class='ocrx_word' id='word_1_30' title='bbox 120 525 263 611; x_wconf 85' lang='lat' dir='ltr'>gladium</span> <span class='ocrx_word' id='word_1_31' title='bbox 291 549 355 593; x_wconf 89' lang='lat' dir='ltr'>non</span> <span class='ocrx_word' id='word_1_32' title='bbox 384 529 487 594; x_wconf 90' lang='lat' dir='ltr'>sinam</span> <span class='ocrx_word' id='word_1_33' title='bbox 516 529 548 594; x_wconf 94' lang='lat' dir='ltr'>iu</span> <span class='ocrx_word' id='word_1_34' title='bbox 579 528 726 607; x_wconf 89' lang='lat' dir='ltr'>vulnere,</span> <span class='ocrx_word' id='word_1_35' title='bbox 755 529 855 594; x_wconf 90' lang='lat' dir='ltr'>statui</span> <span class='ocrx_word' id='word_1_36' title='bbox 884 551 1029 610; x_wconf 90' lang='lat' dir='ltr'>mecum,</span> <span class='ocrx_word' id='word_1_37' title='bbox 1066 532 1108 597; x_wconf 89' lang='lat' dir='ltr'>ad</span> <span class='ocrx_word' id='word_1_38' title='bbox 1136 534 1224 617; x_wconf 92' lang='lat' dir='ltr'>quod</span> 
     </span>
     <span class='ocr_line' id='line_1_6' title="bbox 52 633 1221 719; baseline 0.003 -21"><span class='ocrx_word' id='word_1_39' title='bbox 52 636 155 698; x_wconf 81' lang='lat' dir='ltr'>antea</span> <span class='ocrx_word' id='word_1_40' title='bbox 176 638 312 716; x_wconf 88' lang='lat' dir='ltr'>paratus</span> <span class='ocrx_word' id='word_1_41' title='bbox 336 655 435 713; x_wconf 88' lang='lat' dir='ltr'>eram,</span> <span class='ocrx_word' id='word_1_42' title='bbox 457 640 495 700; x_wconf 86' lang='lat' dir='ltr'>ut</span> <span class='ocrx_word' id='word_1_43' title='bbox 516 656 575 719; x_wconf 84' lang='lat' dir='ltr'>per</span> <span class='ocrx_word' id='word_1_44' title='bbox 599 633 770 717; x_wconf 90' lang='lat' dir='ltr'>epistolam</span> <span class='ocrx_word' id='word_1_45' title='bbox 794 633 885 699; x_wconf 89' lang='lat' dir='ltr'>vobis</span> <span class='ocrx_word' id='word_1_46' title='bbox 908 634 1062 718; x_wconf 85' lang='lat' dir='ltr'>patefeci,</span> <span class='ocrx_word' id='word_1_47' title='bbox 1088 658 1127 701; x_wconf 88' lang='lat' dir='ltr'>ex</span> <span class='ocrx_word' id='word_1_48' title='bbox 1151 638 1221 702; x_wconf 89' lang='lat' dir='ltr'>sola</span> 
     </span>
     <span class='ocr_line' id='line_1_7' title="bbox 53 737 1225 824; baseline 0.004 -22"><span class='ocrx_word' id='word_1_49' title='bbox 53 737 116 803; x_wconf 88' lang='lat' dir='ltr'>Dei</span> <span class='ocrx_word' id='word_1_50' title='bbox 146 743 179 802; x_wconf 92' lang='lat' dir='ltr'>et</span> <span class='ocrx_word' id='word_1_51' title='bbox 207 738 347 822; x_wconf 86' lang='lat' dir='ltr'>proximi</span> <span class='ocrx_word' id='word_1_52' title='bbox 367 739 544 806; x_wconf 86' lang='lat' dir='ltr'>&#39;dilectione</span> <span class='ocrx_word' id='word_1_53' title='bbox 574 761 613 805; x_wconf 87' lang='lat' dir='ltr'>ac</span> <span class='ocrx_word' id='word_1_54' title='bbox 637 739 720 805; x_wconf 92' lang='lat' dir='ltr'>bono</span> <span class='ocrx_word' id='word_1_55' title='bbox 744 739 813 805; x_wconf 87' lang='lat' dir='ltr'>zelo</span> <span class='ocrx_word' id='word_1_56' title='bbox 837 745 956 805; x_wconf 87' lang='lat' dir='ltr'>nostrae</span> <span class='ocrx_word' id='word_1_57' title='bbox 978 740 1143 824; x_wconf 85' lang='lat' dir='ltr'>religionis</span> <span class='ocrx_word' id='word_1_58' title='bbox 1167 743 1225 807; x_wconf 90' lang='lat' dir='ltr'>de-</span> 
     </span>
     <span class='ocr_line' id='line_1_8' title="bbox 52 842 1221 929; baseline 0.003 -21"><span class='ocrx_word' id='word_1_59' title='bbox 52 842 251 909; x_wconf 87' lang='lat' dir='ltr'>clarationes</span> <span class='ocrx_word' id='word_1_60' title='bbox 272 845 378 909; x_wconf 75' lang='lat' dir='ltr'>&#39;etiam</span> <span class='ocrx_word' id='word_1_61' title='bbox 404 845 438 910; x_wconf 89' lang='lat' dir='ltr'>iu</span> <span class='ocrx_word' id='word_1_62' title='bbox 466 845 575 929; x_wconf 88' lang='lat' dir='ltr'>lingua</span> <span class='ocrx_word' id='word_1_63' title='bbox 605 844 778 910; x_wconf 87' lang='lat' dir='ltr'>vernacula</span> <span class='ocrx_word' id='word_1_64' title='bbox 801 851 834 910; x_wconf 89' lang='lat' dir='ltr'>et</span> <span class='ocrx_word' id='word_1_65' title='bbox 857 845 982 929; x_wconf 84' lang='lat' dir='ltr'>vulgari</span> <span class='ocrx_word' id='word_1_66' title='bbox 1006 868 1154 914; x_wconf 84' lang='lat' dir='ltr'>sermone</span> <span class='ocrx_word' id='word_1_67' title='bbox 1178 848 1221 913; x_wconf 91' lang='lat' dir='ltr'>ad</span> 
     </span>
     <span class='ocr_line' id='line_1_9' title="bbox 52 949 1225 1036; baseline 0.003 -22"><span class='ocrx_word' id='word_1_68' title='bbox 52 949 219 1036; x_wconf 83' lang='lat' dir='ltr'>proximas</span> <span class='ocrx_word' id='word_1_69' title='bbox 241 949 402 1016; x_wconf 87' lang='lat' dir='ltr'>nundinas</span> <span class='ocrx_word' id='word_1_70' title='bbox 425 951 762 1023; x_wconf 75' lang='lat' dir='ltr'>Frauoofordieuses²</span> <span class='ocrx_word' id='word_1_71' title='bbox 791 951 940 1017; x_wconf 91' lang='lat' dir='ltr'>omnibus</span> <span class='ocrx_word' id='word_1_72' title='bbox 971 951 1141 1032; x_wconf 87' lang='lat' dir='ltr'>exhibere,</span> <span class='ocrx_word' id='word_1_73' title='bbox 1171 974 1225 1018; x_wconf 88' lang='lat' dir='ltr'>ve-</span> 
     </span>
     <span class='ocr_line' id='line_1_10' title="bbox 52 1055 1224 1143; baseline 0.003 -22"><span class='ocrx_word' id='word_1_74' title='bbox 52 1061 141 1121; x_wconf 88' lang='lat' dir='ltr'>teres</span> <span class='ocrx_word' id='word_1_75' title='bbox 170 1055 388 1136; x_wconf 63' lang='lat' dir='ltr'>extendenda</span> <span class='ocrx_word' id='word_1_76' title='bbox 420 1063 454 1122; x_wconf 86' lang='lat' dir='ltr'>et</span> <span class='ocrx_word' id='word_1_77' title='bbox 486 1056 542 1122; x_wconf 93' lang='lat' dir='ltr'>ubi</span> <span class='ocrx_word' id='word_1_78' title='bbox 575 1078 656 1140; x_wconf 90' lang='lat' dir='ltr'>opus</span> <span class='ocrx_word' id='word_1_79' title='bbox 680 1056 777 1121; x_wconf 89' lang='lat' dir='ltr'>fucrit</span> <span class='ocrx_word' id='word_1_80' title='bbox 797 1058 962 1141; x_wconf 87' lang='lat' dir='ltr'>jungendo</span> <span class='ocrx_word' id='word_1_81' title='bbox 984 1070 1100 1138; x_wconf 85' lang='lat' dir='ltr'>novas,</span> <span class='ocrx_word' id='word_1_82' title='bbox 1136 1059 1224 1143; x_wconf 91' lang='lat' dir='ltr'>quod</span> 
     </span>
     <span class='ocr_line' id='line_1_11' title="bbox 51 1159 1222 1247; baseline 0.004 -23"><span class='ocrx_word' id='word_1_83' title='bbox 51 1159 180 1245; x_wconf 81' lang='lat' dir='ltr'>pusillis</span> <span class='ocrx_word' id='word_1_84' title='bbox 203 1159 364 1244; x_wconf 85' lang='lat' dir='ltr'>praebebit</span> <span class='ocrx_word' id='word_1_85' title='bbox 379 1161 522 1226; x_wconf 79' lang='lat' dir='ltr'>ansam³</span> <span class='ocrx_word' id='word_1_86' title='bbox 551 1162 660 1227; x_wconf 86' lang='lat' dir='ltr'>standi</span> <span class='ocrx_word' id='word_1_87' title='bbox 684 1167 717 1226; x_wconf 91' lang='lat' dir='ltr'>et</span> <span class='ocrx_word' id='word_1_88' title='bbox 739 1161 904 1227; x_wconf 89' lang='lat' dir='ltr'>insidiosis</span> <span class='ocrx_word' id='word_1_89' title='bbox 927 1168 1027 1247; x_wconf 91' lang='lat' dir='ltr'>atque</span> <span class='ocrx_word' id='word_1_90' title='bbox 1051 1165 1222 1230; x_wconf 88' lang='lat' dir='ltr'>malevolis</span> 
     </span>
     <span class='ocr_line' id='line_1_12' title="bbox 51 1265 1214 1346; baseline 0.004 -15"><span class='ocrx_word' id='word_1_91' title='bbox 51 1265 182 1331; x_wconf 82' lang='lat' dir='ltr'>auferet</span> <span class='ocrx_word' id='word_1_92' title='bbox 204 1265 422 1331; x_wconf 89' lang='lat' dir='ltr'>calumniandi</span> <span class='ocrx_word' id='word_1_93' title='bbox 445 1268 655 1346; x_wconf 81' lang='lat' dir='ltr'>occasionem,</span> <span class='ocrx_word' id='word_1_94' title='bbox 678 1288 719 1331; x_wconf 91' lang='lat' dir='ltr'>ne</span> <span class='ocrx_word' id='word_1_95' title='bbox 742 1266 792 1330; x_wconf 86' lang='lat' dir='ltr'>vel</span> <span class='ocrx_word' id='word_1_96' title='bbox 815 1271 943 1333; x_wconf 90' lang='lat' dir='ltr'>mortuo</span> <span class='ocrx_word' id='word_1_97' title='bbox 968 1267 1054 1332; x_wconf 89' lang='lat' dir='ltr'>leoni</span> <span class='ocrx_word' id='word_1_98' title='bbox 1077 1268 1214 1336; x_wconf 89' lang='lat' dir='ltr'>barbam</span> 
     </span>
     <span class='ocr_line' id='line_1_13' title="bbox 51 1371 1219 1458; baseline 0.001 -21"><span class='ocrx_word' id='word_1_99' title='bbox 51 1371 176 1437; x_wconf 87' lang='lat' dir='ltr'>vellant</span> <span class='ocrx_word' id='word_1_100' title='bbox 205 1371 255 1436; x_wconf 85' lang='lat' dir='ltr'>vel</span> <span class='ocrx_word' id='word_1_101' title='bbox 280 1393 353 1437; x_wconf 90' lang='lat' dir='ltr'>cum</span> <span class='ocrx_word' id='word_1_102' title='bbox 376 1373 450 1451; x_wconf 83' lang='lat' dir='ltr'>vivo</span> <span class='ocrx_word' id='word_1_103' title='bbox 478 1372 705 1456; x_wconf 80' lang='lat' dir='ltr'>digladientur,</span> <span class='ocrx_word' id='word_1_104' title='bbox 734 1371 768 1436; x_wconf 93' lang='lat' dir='ltr'>in</span> <span class='ocrx_word' id='word_1_105' title='bbox 792 1372 896 1456; x_wconf 87' lang='lat' dir='ltr'>majus</span> <span class='ocrx_word' id='word_1_106' title='bbox 921 1372 1006 1458; x_wconf 83' lang='lat' dir='ltr'>vulgi</span> <span class='ocrx_word' id='word_1_107' title='bbox 1029 1373 1219 1438; x_wconf 90' lang='lat' dir='ltr'>scandalum</span> 
     </span>
     <span class='ocr_line' id='line_1_14' title="bbox 53 1477 617 1563; baseline 0.004 -21"><span class='ocrx_word' id='word_1_108' title='bbox 53 1482 87 1542; x_wconf 90' lang='lat' dir='ltr'>et</span> <span class='ocrx_word' id='word_1_109' title='bbox 112 1477 305 1561; x_wconf 82' lang='lat' dir='ltr'>evangelicae</span> <span class='ocrx_word' id='word_1_110' title='bbox 330 1478 420 1563; x_wconf 87' lang='lat' dir='ltr'>pacis</span> <span class='ocrx_word' id='word_1_111' title='bbox 443 1477 617 1545; x_wconf 77' lang='lat' dir='ltr'>laesionum.</span> 
     </span>
    </p>

    <p class='ocr_par' dir='ltr' id='par_1_3' title="bbox 50 1583 1222 2831">
     <span class='ocr_line' id='line_1_15' title="bbox 143 1583 1219 1668; baseline 0.001 -19"><span class='ocrx_word' id='word_1_112' title='bbox 143 1584 235 1662; x_wconf 80' lang='lat' dir='ltr'>Quod</span> <span class='ocrx_word' id='word_1_113' title='bbox 259 1590 367 1649; x_wconf 87' lang='lat' dir='ltr'>autem</span> <span class='ocrx_word' id='word_1_114' title='bbox 391 1585 518 1668; x_wconf 87' lang='lat' dir='ltr'>petitis,</span> <span class='ocrx_word' id='word_1_115' title='bbox 549 1591 586 1649; x_wconf 92' lang='lat' dir='ltr'>ut</span> <span class='ocrx_word' id='word_1_116' title='bbox 608 1583 725 1663; x_wconf 89' lang='lat' dir='ltr'>libelli,</span> <span class='ocrx_word' id='word_1_117' title='bbox 753 1583 780 1648; x_wconf 91' lang='lat' dir='ltr'>si</span> <span class='ocrx_word' id='word_1_118' title='bbox 804 1583 860 1667; x_wconf 87' lang='lat' dir='ltr'>qui</span> <span class='ocrx_word' id='word_1_119' title='bbox 883 1583 947 1647; x_wconf 88' lang='lat' dir='ltr'>mei</span> <span class='ocrx_word' id='word_1_120' title='bbox 976 1583 1081 1649; x_wconf 87' lang='lat' dir='ltr'>adhuc</span> <span class='ocrx_word' id='word_1_121' title='bbox 1107 1591 1219 1651; x_wconf 87' lang='lat' dir='ltr'>extent</span> 
     </span>
     <span class='ocr_line' id='line_1_16' title="bbox 50 1689 1221 1775; baseline 0 -19"><span class='ocrx_word' id='word_1_122' title='bbox 50 1696 111 1756; x_wconf 88' lang='lat' dir='ltr'>aut</span> <span class='ocrx_word' id='word_1_123' title='bbox 143 1689 249 1755; x_wconf 90' lang='lat' dir='ltr'>denuo</span> <span class='ocrx_word' id='word_1_124' title='bbox 276 1690 441 1775; x_wconf 89' lang='lat' dir='ltr'>impressi,</span> <span class='ocrx_word' id='word_1_125' title='bbox 476 1711 586 1756; x_wconf 90' lang='lat' dir='ltr'>curem</span> <span class='ocrx_word' id='word_1_126' title='bbox 621 1710 661 1754; x_wconf 91' lang='lat' dir='ltr'>ne</span> <span class='ocrx_word' id='word_1_127' title='bbox 690 1689 889 1769; x_wconf 83' lang='lat' dir='ltr'>vendantur,</span> <span class='ocrx_word' id='word_1_128' title='bbox 923 1690 1063 1773; x_wconf 91' lang='lat' dir='ltr'>primum</span> <span class='ocrx_word' id='word_1_129' title='bbox 1094 1692 1221 1771; x_wconf 83' lang='lat' dir='ltr'>scitote,</span> 
     </span>
     <span class='ocr_line' id='line_1_17' title="bbox 51 1794 1222 1880; baseline 0 -19"><span class='ocrx_word' id='word_1_130' title='bbox 51 1794 160 1861; x_wconf 87' lang='lat' dir='ltr'>nullos</span> <span class='ocrx_word' id='word_1_131' title='bbox 192 1816 262 1860; x_wconf 89' lang='lat' dir='ltr'>esse</span> <span class='ocrx_word' id='word_1_132' title='bbox 299 1795 403 1859; x_wconf 90' lang='lat' dir='ltr'>denuo</span> <span class='ocrx_word' id='word_1_133' title='bbox 434 1796 624 1879; x_wconf 90' lang='lat' dir='ltr'>impressos;</span> <span class='ocrx_word' id='word_1_134' title='bbox 655 1794 770 1860; x_wconf 87' lang='lat' dir='ltr'>deiude</span> <span class='ocrx_word' id='word_1_135' title='bbox 797 1816 887 1860; x_wconf 89' lang='lat' dir='ltr'>meos</span> <span class='ocrx_word' id='word_1_136' title='bbox 917 1816 1082 1880; x_wconf 89' lang='lat' dir='ltr'>nunquam</span> <span class='ocrx_word' id='word_1_137' title='bbox 1111 1797 1222 1875; x_wconf 89' lang='lat' dir='ltr'>fuisse,</span> 
     </span>
     <span class='ocr_line' id='line_1_18' title="bbox 52 1901 1220 1986; baseline 0 -18"><span class='ocrx_word' id='word_1_138' title='bbox 52 1901 113 1968; x_wconf 86' lang='lat' dir='ltr'>sed</span> <span class='ocrx_word' id='word_1_139' title='bbox 141 1902 385 1985; x_wconf 88' lang='lat' dir='ltr'>impressorum,</span> <span class='ocrx_word' id='word_1_140' title='bbox 417 1922 437 1966; x_wconf 90' lang='lat' dir='ltr'>a</span> <span class='ocrx_word' id='word_1_141' title='bbox 468 1901 585 1986; x_wconf 90' lang='lat' dir='ltr'>quibus</span> <span class='ocrx_word' id='word_1_142' title='bbox 614 1901 780 1966; x_wconf 91' lang='lat' dir='ltr'>duodenos</span> <span class='ocrx_word' id='word_1_143' title='bbox 808 1923 872 1966; x_wconf 87' lang='lat' dir='ltr'>aere</span> <span class='ocrx_word' id='word_1_144' title='bbox 900 1903 1033 1984; x_wconf 90' lang='lat' dir='ltr'>proprio</span> <span class='ocrx_word' id='word_1_145' title='bbox 1056 1909 1220 1968; x_wconf 83' lang='lat' dir='ltr'>mercatus</span> 
     </span>
     <span class='ocr_line' id='line_1_19' title="bbox 51 2006 1217 2090; baseline -0.003 -15"><span class='ocrx_word' id='word_1_146' title='bbox 51 2030 125 2076; x_wconf 89' lang='lat' dir='ltr'>sum</span> <span class='ocrx_word' id='word_1_147' title='bbox 157 2013 194 2074; x_wconf 85' lang='lat' dir='ltr'>ut</span> <span class='ocrx_word' id='word_1_148' title='bbox 221 2008 334 2072; x_wconf 86' lang='lat' dir='ltr'>amicis</span> <span class='ocrx_word' id='word_1_149' title='bbox 358 2007 521 2072; x_wconf 90' lang='lat' dir='ltr'>donarem.</span> <span class='ocrx_word' id='word_1_150' title='bbox 569 2007 774 2089; x_wconf 79' lang='lat' dir='ltr'>Quapropter</span> <span class='ocrx_word' id='word_1_151' title='bbox 797 2006 858 2071; x_wconf 88' lang='lat' dir='ltr'>hac</span> <span class='ocrx_word' id='word_1_152' title='bbox 881 2007 912 2070; x_wconf 90' lang='lat' dir='ltr'>in</span> <span class='ocrx_word' id='word_1_153' title='bbox 937 2013 1032 2090; x_wconf 89' lang='lat' dir='ltr'>parte</span> <span class='ocrx_word' id='word_1_154' title='bbox 1050 2007 1129 2072; x_wconf 93' lang='lat' dir='ltr'>mihi</span> <span class='ocrx_word' id='word_1_155' title='bbox 1154 2030 1217 2073; x_wconf 90' lang='lat' dir='ltr'>nou</span> 
     </span>
     <span class='ocr_line' id='line_1_20' title="bbox 52 2112 1217 2197; baseline -0.002 -17"><span class='ocrx_word' id='word_1_156' title='bbox 52 2115 117 2180; x_wconf 87' lang='lat' dir='ltr'>erit</span> <span class='ocrx_word' id='word_1_157' title='bbox 140 2112 306 2197; x_wconf 88' lang='lat' dir='ltr'>possibile,</span> <span class='ocrx_word' id='word_1_158' title='bbox 335 2120 442 2179; x_wconf 87' lang='lat' dir='ltr'>vestro</span> <span class='ocrx_word' id='word_1_159' title='bbox 475 2119 550 2178; x_wconf 81' lang='lat' dir='ltr'>roto</span> <span class='ocrx_word' id='word_1_160' title='bbox 577 2134 700 2176; x_wconf 91' lang='lat' dir='ltr'>morem</span> <span class='ocrx_word' id='word_1_161' title='bbox 732 2134 853 2194; x_wconf 90' lang='lat' dir='ltr'>gerere.</span> <span class='ocrx_word' id='word_1_162' title='bbox 900 2114 1015 2196; x_wconf 87' lang='lat' dir='ltr'>Itaque</span> <span class='ocrx_word' id='word_1_163' title='bbox 1041 2114 1217 2196; x_wconf 83' lang='lat' dir='ltr'>dignemini</span> 
     </span>
     <span class='ocr_line' id='line_1_21' title="bbox 50 2217 1220 2302; baseline -0.001 -18"><span class='ocrx_word' id='word_1_164' title='bbox 50 2219 167 2284; x_wconf 72' lang='lat' dir='ltr'>haud⁴</span> <span class='ocrx_word' id='word_1_165' title='bbox 188 2219 323 2284; x_wconf 89' lang='lat' dir='ltr'>moleste</span> <span class='ocrx_word' id='word_1_166' title='bbox 347 2219 442 2298; x_wconf 90' lang='lat' dir='ltr'>ferre,</span> <span class='ocrx_word' id='word_1_167' title='bbox 466 2217 604 2302; x_wconf 92' lang='lat' dir='ltr'>siquod</span> <span class='ocrx_word' id='word_1_168' title='bbox 628 2219 755 2283; x_wconf 91' lang='lat' dir='ltr'>omnino</span> <span class='ocrx_word' id='word_1_169' title='bbox 780 2218 908 2283; x_wconf 85' lang='lat' dir='ltr'>excedit</span> <span class='ocrx_word' id='word_1_170' title='bbox 931 2218 1105 2284; x_wconf 89' lang='lat' dir='ltr'>facultates</span> <span class='ocrx_word' id='word_1_171' title='bbox 1122 2241 1220 2296; x_wconf 89' lang='lat' dir='ltr'>meas,</span> 
     </span>
     <span class='ocr_line' id='line_1_22' title="bbox 52 2323 1221 2408; baseline -0.003 -19"><span class='ocrx_word' id='word_1_172' title='bbox 52 2324 146 2390; x_wconf 83' lang='lat' dir='ltr'>robis</span> <span class='ocrx_word' id='word_1_173' title='bbox 174 2346 238 2389; x_wconf 90' lang='lat' dir='ltr'>uon</span> <span class='ocrx_word' id='word_1_174' title='bbox 266 2331 419 2408; x_wconf 86' lang='lat' dir='ltr'>praestem</span> <span class='ocrx_word' id='word_1_175' title='bbox 436 2323 462 2403; x_wconf 83' lang='lat'>⁵,</span> <span class='ocrx_word' id='word_1_176' title='bbox 492 2325 609 2408; x_wconf 90' lang='lat' dir='ltr'>quibus</span> <span class='ocrx_word' id='word_1_177' title='bbox 634 2323 780 2406; x_wconf 91' lang='lat' dir='ltr'>profecto</span> <span class='ocrx_word' id='word_1_178' title='bbox 804 2344 955 2406; x_wconf 86' lang='lat' dir='ltr'>cuperem</span> <span class='ocrx_word' id='word_1_179' title='bbox 980 2331 1097 2388; x_wconf 87' lang='lat' dir='ltr'>cuncta</span> <span class='ocrx_word' id='word_1_180' title='bbox 1121 2324 1221 2405; x_wconf 87' lang='lat' dir='ltr'>grati-</span> 
     </span>
     <span class='ocr_line' id='line_1_23' title="bbox 51 2429 1221 2512; baseline -0.003 -16"><span class='ocrx_word' id='word_1_181' title='bbox 51 2430 154 2496; x_wconf 88' lang='lat' dir='ltr'>ficari.</span> <span class='ocrx_word' id='word_1_182' title='bbox 200 2430 364 2495; x_wconf 87' lang='lat' dir='ltr'>Foeliciter</span> <span class='ocrx_word' id='word_1_183' title='bbox 396 2430 510 2510; x_wconf 85' lang='lat' dir='ltr'>valete,</span> <span class='ocrx_word' id='word_1_184' title='bbox 544 2429 746 2502; x_wconf 83' lang='lat' dir='ltr'>celeberrimi</span> <span class='ocrx_word' id='word_1_185' title='bbox 778 2429 927 2494; x_wconf 88' lang='lat' dir='ltr'>doctores</span> <span class='ocrx_word' id='word_1_186' title='bbox 957 2435 989 2493; x_wconf 89' lang='lat' dir='ltr'>et</span> <span class='ocrx_word' id='word_1_187' title='bbox 1012 2436 1124 2512; x_wconf 87' lang='lat' dir='ltr'>patres</span> <span class='ocrx_word' id='word_1_188' title='bbox 1149 2430 1221 2507; x_wconf 89' lang='lat' dir='ltr'>mei,</span> 
     </span>
     <span class='ocr_line' id='line_1_24' title="bbox 52 2520 1221 2622; baseline -0.003 -20"><span class='ocrx_word' id='word_1_189' title='bbox 52 2535 173 2622; x_wconf 90' lang='lat' dir='ltr'>quibus</span> <span class='ocrx_word' id='word_1_190' title='bbox 204 2537 411 2602; x_wconf 85' lang='lat' dir='ltr'>vehementer</span> <span class='ocrx_word' id='word_1_191' title='bbox 437 2542 513 2619; x_wconf 90' lang='lat' dir='ltr'>opto</span> <span class='ocrx_word' id='word_1_192' title='bbox 547 2541 580 2600; x_wconf 89' lang='lat' dir='ltr'>et</span> <span class='ocrx_word' id='word_1_193' title='bbox 612 2535 782 2618; x_wconf 90' lang='lat' dir='ltr'>desyderio</span> <span class='ocrx_word' id='word_1_194' title='bbox 807 2520 979 2620; x_wconf 83' lang='lat' dir='ltr'>desydero,</span> <span class='ocrx_word' id='word_1_195' title='bbox 1013 2557 1063 2599; x_wconf 85' lang='lat' dir='ltr'>me</span> <span class='ocrx_word' id='word_1_196' title='bbox 1088 2535 1221 2599; x_wconf 88' lang='lat' dir='ltr'>taudem</span> 
     </span>
     <span class='ocr_line' id='line_1_25' title="bbox 52 2641 1219 2728; baseline -0.004 -19"><span class='ocrx_word' id='word_1_197' title='bbox 52 2643 230 2728; x_wconf 85' lang='lat' dir='ltr'>aliquando</span> <span class='ocrx_word' id='word_1_198' title='bbox 260 2643 292 2706; x_wconf 93' lang='lat' dir='ltr'>in</span> <span class='ocrx_word' id='word_1_199' title='bbox 322 2643 451 2707; x_wconf 89' lang='lat' dir='ltr'>nomine</span> <span class='ocrx_word' id='word_1_200' title='bbox 475 2643 553 2707; x_wconf 89' lang='lat' dir='ltr'>Jesu</span> <span class='ocrx_word' id='word_1_201' title='bbox 578 2642 697 2706; x_wconf 82' lang='lat' dir='ltr'>Christi</span> <span class='ocrx_word' id='word_1_202' title='bbox 730 2648 763 2706; x_wconf 87' lang='lat' dir='ltr'>et</span> <span class='ocrx_word' id='word_1_203' title='bbox 786 2642 818 2705; x_wconf 90' lang='lat' dir='ltr'>in</span> <span class='ocrx_word' id='word_1_204' title='bbox 845 2641 954 2706; x_wconf 90' lang='lat' dir='ltr'>osculo</span> <span class='ocrx_word' id='word_1_205' title='bbox 978 2641 1067 2724; x_wconf 85' lang='lat' dir='ltr'>pacis</span> <span class='ocrx_word' id='word_1_206' title='bbox 1091 2646 1219 2723; x_wconf 87' lang='lat' dir='ltr'>gratum</span> 
     </span>
     <span class='ocr_line' id='line_1_26' title="bbox 52 2748 1146 2831; baseline -0.004 -17"><span class='ocrx_word' id='word_1_207' title='bbox 52 2751 124 2815; x_wconf 85' lang='lat' dir='ltr'>fure</span> <span class='ocrx_word' id='word_1_208' title='bbox 150 2755 183 2813; x_wconf 87' lang='lat' dir='ltr'>et</span> <span class='ocrx_word' id='word_1_209' title='bbox 206 2754 384 2831; x_wconf 84' lang='lat' dir='ltr'>acceptum.</span> <span class='ocrx_word' id='word_1_210' title='bbox 432 2749 626 2831; x_wconf 85' lang='lat' dir='ltr'>Stutgardiae</span> <span class='ocrx_word' id='word_1_211' title='bbox 653 2754 669 2812; x_wconf 90' lang='lat'>5</span> <span class='ocrx_word' id='word_1_212' title='bbox 694 2748 742 2812; x_wconf 89' lang='lat' dir='ltr'>ld.</span> <span class='ocrx_word' id='word_1_213' title='bbox 772 2748 909 2812; x_wconf 89' lang='lat' dir='ltr'>Martias</span> <span class='ocrx_word' id='word_1_214' title='bbox 935 2748 1026 2812; x_wconf 85' lang='lat' dir='ltr'>Auno</span> <span class='ocrx_word' id='word_1_215' title='bbox 1054 2753 1146 2810; x_wconf 85' lang='lat'>1512.</span> 
     </span>
    </p>

    <p class='ocr_par' dir='ltr' id='par_1_4' title="bbox 145 2854 1171 2932">
     <span class='ocr_line' id='line_1_27' title="bbox 145 2854 1171 2932; baseline -0.004 -14"><span class='ocrx_word' id='word_1_216' title='bbox 145 2859 305 2918; x_wconf 82' lang='lat' dir='ltr'>Gedruclrt:</span> <span class='ocrx_word' id='word_1_217' title='bbox 326 2864 338 2917; x_wconf 89' lang='lat'>1</span> <span class='ocrx_word' id='word_1_218' title='bbox 360 2859 444 2917; x_wconf 85' lang='lat' dir='ltr'>=J.</span> <span class='ocrx_word' id='word_1_219' title='bbox 463 2877 489 2916; x_wconf 88' lang='lat' dir='ltr'>v.</span> <span class='ocrx_word' id='word_1_220' title='bbox 507 2875 531 2917; x_wconf 86' lang='lat' dir='ltr'>e.</span> <span class='ocrx_word' id='word_1_221' title='bbox 549 2877 572 2916; x_wconf 91' lang='lat' dir='ltr'>r.</span> <span class='ocrx_word' id='word_1_222' title='bbox 590 2854 639 2916; x_wconf 90' lang='lat' dir='ltr'>iiib</span> <span class='ocrx_word' id='word_1_223' title='bbox 659 2864 706 2930; x_wconf 71' lang='lat'>4³3</span> <span class='ocrx_word' id='word_1_224' title='bbox 727 2862 744 2916; x_wconf 91' lang='grc'><strong>2</strong></span> <span class='ocrx_word' id='word_1_225' title='bbox 763 2858 914 2916; x_wconf 89' lang='lat' dir='ltr'>:Maius</span> <span class='ocrx_word' id='word_1_226' title='bbox 930 2860 949 2916; x_wconf 93' lang='grc'>1.</span> <span class='ocrx_word' id='word_1_227' title='bbox 965 2859 985 2916; x_wconf 94' lang='grc'>1.</span> <span class='ocrx_word' id='word_1_228' title='bbox 1003 2877 1029 2932; x_wconf 88' lang='lat' dir='ltr'>p.</span> <span class='ocrx_word' id='word_1_229' title='bbox 1051 2861 1113 2916; x_wconf 84' lang='grc'>340</span> <span class='ocrx_word' id='word_1_230' title='bbox 1130 2875 1171 2930; x_wconf 88' lang='lat' dir='ltr'>sq.</span> 
     </span>
    </p>
   </div>
   <div class='ocr_carea' id='block_1_2' title="bbox 128 3043 1190 3202">
    <p class='ocr_par' dir='ltr' id='par_1_5' title="bbox 128 3043 1190 3202">
     <span class='ocr_line' id='line_1_28' title="bbox 575 3043 711 3108; baseline -0.015 0"><span class='ocrx_word' id='word_1_231' title='bbox 575 3043 711 3108; x_wconf 86' lang='lat' dir='ltr'>CXLIV.</span> 
     </span>
     <span class='ocr_line' id='line_1_29' title="bbox 128 3133 1190 3202; baseline -0.007 -16"><span class='ocrx_word' id='word_1_232' title='bbox 128 3141 267 3202; x_wconf 77' lang='lat' dir='ltr'>Stuttgurl.</span> <span class='ocrx_word' id='word_1_233' title='bbox 970 3137 997 3180; x_wconf 95' lang='lat' dir='ltr'>ll</span> <span class='ocrx_word' id='word_1_234' title='bbox 1020 3133 1092 3180; x_wconf 79' lang='lat' dir='ltr'>Mitrz</span> <span class='ocrx_word' id='word_1_235' title='bbox 1114 3133 1190 3180; x_wconf 80' lang='lat'>1512.</span> 
     </span>
    </p>
   </div>
   <div class='ocr_carea' id='block_1_3' title="bbox 52 3219 1226 3444">
    <p class='ocr_par' dir='ltr' id='par_1_6' title="bbox 52 3219 1226 3444">
     <span class='ocr_line' id='line_1_30' title="bbox 52 3219 1225 3305; baseline -0.009 -2"><span class='ocrx_word' id='word_1_236' title='bbox 52 3228 249 3305; x_wconf 75' lang='lat' dir='ltr'>dohanues</span> <span class='ocrx_word' id='word_1_237' title='bbox 276 3222 459 3297; x_wconf 80' lang='lat' dir='ltr'>Reuohlin</span> <span class='ocrx_word' id='word_1_238' title='bbox 486 3221 705 3294; x_wconf 82' lang='lat' dir='ltr'>Phorcensis</span> <span class='ocrx_word' id='word_1_239' title='bbox 733 3221 808 3293; x_wconf 90' lang='lat' dir='ltr'>LL.</span> <span class='ocrx_word' id='word_1_240' title='bbox 840 3221 968 3295; x_wconf 82' lang='lat' dir='ltr'>doctor</span> <span class='ocrx_word' id='word_1_241' title='bbox 995 3219 1020 3293; x_wconf 83' lang='lat' dir='ltr'>f.</span> <span class='ocrx_word' id='word_1_242' title='bbox 1052 3219 1225 3293; x_wconf 78' lang='lat' dir='ltr'>Ounrado</span> 
     </span>
     <span class='ocr_line' id='line_1_31' title="bbox 54 3342 1226 3444; baseline -0.009 -19"><span class='ocrx_word' id='word_1_243' title='bbox 54 3350 192 3426; x_wconf 84' lang='lat' dir='ltr'>Kollin</span> <span class='ocrx_word' id='word_1_244' title='bbox 221 3348 267 3421; x_wconf 85' lang='lat' dir='ltr'>de</span> <span class='ocrx_word' id='word_1_245' title='bbox 294 3347 418 3440; x_wconf 85' lang='lat' dir='ltr'>Ulma,</span> <span class='ocrx_word' id='word_1_246' title='bbox 448 3345 647 3442; x_wconf 65' lang='lat' dir='ltr'>theologiae</span> <span class='ocrx_word' id='word_1_247' title='bbox 675 3344 888 3444; x_wconf 83' lang='lat' dir='ltr'>professori,</span> <span class='ocrx_word' id='word_1_248' title='bbox 920 3342 1056 3417; x_wconf 87' lang='lat' dir='ltr'>ordinis</span> <span class='ocrx_word' id='word_1_249' title='bbox 1084 3342 1226 3415; x_wconf 81' lang='lat' dir='ltr'>Praedi-</span> 
     </span>
    </p>
   </div>
   <div class='ocr_carea' id='block_1_4' title="bbox 345 3465 937 3567">
    <p class='ocr_par' dir='ltr' id='par_1_7' title="bbox 345 3465 937 3567">
     <span class='ocr_line' id='line_1_32' title="bbox 345 3465 937 3567; baseline -0.005 -24"><span class='ocrx_word' id='word_1_250' title='bbox 345 3482 521 3564; x_wconf 82' lang='lat' dir='ltr'>catoruru,</span> <span class='ocrx_word' id='word_1_251' title='bbox 552 3468 720 3541; x_wconf 66' lang='lat' dir='ltr'>Coloniam</span> <span class='ocrx_word' id='word_1_252' title='bbox 748 3496 775 3540; x_wconf 90' lang='lat' dir='ltr'>s.</span> <span class='ocrx_word' id='word_1_253' title='bbox 807 3468 841 3540; x_wconf 89' lang='lat' dir='ltr'>d.</span> <span class='ocrx_word' id='word_1_254' title='bbox 872 3465 937 3567; x_wconf 57' lang='lat' dir='ltr'>pi</span> 
     </span>
    </p>
   </div>
   <div class='ocr_carea' id='block_1_5' title="bbox 147 3632 1227 3720">
    <p class='ocr_par' dir='ltr' id='par_1_8' title="bbox 147 3632 1227 3720">
     <span class='ocr_line' id='line_1_33' title="bbox 147 3632 1227 3720; baseline -0.006 -16"><span class='ocrx_word' id='word_1_255' title='bbox 147 3639 240 3704; x_wconf 72' lang='lat' dir='ltr'>facit</span> <span class='ocrx_word' id='word_1_256' title='bbox 268 3659 393 3704; x_wconf 88' lang='lat' dir='ltr'>summa</span> <span class='ocrx_word' id='word_1_257' title='bbox 423 3635 502 3701; x_wconf 87' lang='lat' dir='ltr'>fides</span> <span class='ocrx_word' id='word_1_258' title='bbox 537 3658 634 3720; x_wconf 88' lang='lat' dir='ltr'>quam</span> <span class='ocrx_word' id='word_1_259' title='bbox 666 3635 724 3699; x_wconf 87' lang='lat' dir='ltr'>tibi</span> <span class='ocrx_word' id='word_1_260' title='bbox 755 3633 860 3699; x_wconf 87' lang='lat' dir='ltr'>habeo</span> <span class='ocrx_word' id='word_1_261' title='bbox 894 3632 1016 3696; x_wconf 83' lang='lat' dir='ltr'>amicus</span> <span class='ocrx_word' id='word_1_262' title='bbox 1040 3633 1159 3710; x_wconf 82' lang='lat' dir='ltr'>amica,</span> <span class='ocrx_word' id='word_1_263' title='bbox 1190 3639 1227 3697; x_wconf 94' lang='lat' dir='ltr'>ut</span> 
     </span>
    </p>
   </div>
   <div class='ocr_carea' id='block_1_6' title="bbox 56 3737 1225 3901">
    <p class='ocr_par' dir='ltr' id='par_1_9' title="bbox 56 3737 1225 3901">
     <span class='ocr_line' id='line_1_34' title="bbox 56 3737 1225 3826; baseline -0.009 -13"><span class='ocrx_word' id='word_1_264' title='bbox 56 3748 158 3813; x_wconf 86' lang='lat' dir='ltr'>etiam</span> <span class='ocrx_word' id='word_1_265' title='bbox 183 3743 428 3810; x_wconf 88' lang='lat' dir='ltr'>dehortantibus</span> <span class='ocrx_word' id='word_1_266' title='bbox 451 3743 523 3808; x_wconf 90' lang='lat' dir='ltr'>aliis</span> <span class='ocrx_word' id='word_1_267' title='bbox 547 3764 646 3826; x_wconf 87' lang='lat' dir='ltr'>penes</span> <span class='ocrx_word' id='word_1_268' title='bbox 663 3763 730 3820; x_wconf 92' lang='lat' dir='ltr'>nos,</span> <span class='ocrx_word' id='word_1_269' title='bbox 755 3746 813 3804; x_wconf 89' lang='lat' dir='ltr'>tua</span> <span class='ocrx_word' id='word_1_270' title='bbox 831 3745 939 3803; x_wconf 90' lang='lat' dir='ltr'>tamen</span> <span class='ocrx_word' id='word_1_271' title='bbox 957 3737 1091 3802; x_wconf 85' lang='lat' dir='ltr'>consilia</span> <span class='ocrx_word' id='word_1_272' title='bbox 1107 3760 1225 3822; x_wconf 88' lang='lat' dir='ltr'>sequar</span> 
     </span>
     <span class='ocr_line' id='line_1_35' title="bbox 635 3864 652 3901; baseline 0 -7"><span class='ocrx_word' id='word_1_273' title='bbox 635 3864 652 3901; x_wconf 65' lang='lat' dir='ltr'>alt</span> 
     </span>
    </p>
   </div>
   <div class='ocr_carea' id='block_1_7' title="bbox 54 3949 1226 4114">
    <p class='ocr_par' dir='ltr' id='par_1_10' title="bbox 54 3949 1226 4114">
     <span class='ocr_line' id='line_1_36' title="bbox 131 3949 1226 4018; baseline -0.006 -13"><span class='ocrx_word' id='word_1_274' title='bbox 131 3957 275 4006; x_wconf 71' lang='grc'><strong>1110002.</strong></span> <span class='ocrx_word' id='word_1_275' title='bbox 350 3954 656 4005; x_wconf 73' lang='lat' dir='ltr'>ll&#39;raucofurteusesl.</span> <span class='ocrx_word' id='word_1_276' title='bbox 731 3951 1036 4018; x_wconf 75' lang='lat' dir='ltr'>3Ansamlcuusam2.</span> <span class='ocrx_word' id='word_1_277' title='bbox 1104 3949 1226 4017; x_wconf 80' lang='lat' dir='ltr'>tHaudl</span> 
     </span>
     <span class='ocr_line' id='line_1_37' title="bbox 54 4039 1035 4114; baseline -0.008 -16"><span class='ocrx_word' id='word_1_278' title='bbox 54 4064 109 4107; x_wconf 79' lang='lat' dir='ltr'>nou</span> <span class='ocrx_word' id='word_1_279' title='bbox 132 4051 155 4099; x_wconf 83' lang='lat'>2.</span> <span class='ocrx_word' id='word_1_280' title='bbox 230 4046 245 4100; x_wconf 83' lang='lat'>5</span> <span class='ocrx_word' id='word_1_281' title='bbox 266 4045 347 4099; x_wconf 85' lang='lat' dir='ltr'>Vobis</span> <span class='ocrx_word' id='word_1_282' title='bbox 366 4051 484 4114; x_wconf 84' lang='lat' dir='ltr'>praestum</span> <span class='ocrx_word' id='word_1_283' title='bbox 500 4045 605 4092; x_wconf 84' lang='lat' dir='ltr'>rrrinimc</span> <span class='ocrx_word' id='word_1_284' title='bbox 627 4048 649 4098; x_wconf 86' lang='grc'>2,</span> <span class='ocrx_word' id='word_1_285' title='bbox 725 4043 739 4101; x_wconf 83' lang='grc'><strong>6</strong></span> <span class='ocrx_word' id='word_1_286' title='bbox 760 4039 835 4102; x_wconf 86' lang='lat' dir='ltr'>Ohne</span> <span class='ocrx_word' id='word_1_287' title='bbox 855 4039 993 4089; x_wconf 87' lang='lat' dir='ltr'>aufsohrift</span> <span class='ocrx_word' id='word_1_288' title='bbox 1012 4043 1035 4099; x_wconf 81' lang='lat'>2,</span> 
     </span>
    </p>
   </div>
   <div class='ocr_carea' id='block_1_8' title="bbox 0 0 1294 4178">
    <p class='ocr_par' dir='ltr' id='par_1_11' title="bbox 0 0 1294 4178">
     <span class='ocr_line' id='line_1_38' title="bbox 0 0 1294 4178; baseline 0 0"><span class='ocrx_word' id='word_1_289' title='bbox 0 0 1294 4178; x_wconf 95' lang='lat' dir='ltr'> </span> 
     </span>
    </p>
   </div>
  </div>
 </body>
</html>
