2798 4980
661 309 733 387 ,100

114 502 307 568 sacramenti
323 499 489 584 voluptate
500 496 700 582 jucundius?
723 498 779 582 qui
801 498 875 582 cibi,
898 522 983 587 qnae
998 501 1101 569 mella
1116 507 1190 568 sunt
1209 501 1263 569 dul·

114 607 226 673 ciora?
248 627 345 691 quam
370 604 430 669 Dei
453 603 535 669 seire
559 601 767 687 prudentiam
791 610 825 669 et
846 606 881 671 in
903 604 1021 672 abdita
1042 607 1114 675 eius
1127 606 1260 673 iotraro‘

113 712 206 778 Unde
230 710 313 777 Rabi
336 710 480 795 Moyses,
513 705 598 773 filius
622 707 789 773 Nehemao
812 708 1036 778 Gerundensis
1061 714 1074 752 ¹
1095 712 1129 777 in
1151 711 1261 778 exordio

113 816 427 883 Commentariorum
451 812 632 893 Geneseos,
662 812 757 897 longo
786 836 935 883 sermone
965 818 1110 903 probare
1138 822 1261 897 conatur,

113 922 316 989 Salomonem
345 941 455 1004 regem
488 940 600 984 omnes
629 919 807 1003 sapientiae
840 942 919 988 suae
949 921 1106 1003 influxus,
1133 922 1173 987 de
1199 922 1261 987 Peu-

112 1027 258 1093 tateuchi
291 1026 395 1091 literis
428 1024 584 1089 hausisse.
638 1024 708 1102 Quo
736 1024 868 1091 tandem
898 1026 1015 1094 modus
1046 1050 1123 1113 ego,
1150 1024 1260 1110 Dionysi

114 1132 329 1209 amatissime,
369 1139 544 1214 postquam
573 1128 615 1194 ad
647 1130 888 1213 percipiendam
919 1154 1112 1217 graecorum
1141 1131 1259 1216 linguam

114 1237 208 1303 anuis
238 1233 459 1319 superioribus
490 1240 524 1298 te
550 1255 686 1317 puerum
715 1234 868 1318 adjuncto
897 1236 1090 1322 paedagogo
1113 1236 1127 1277 ¹
1154 1236 1260 1303 Floren-

115 1341 195 1406 tiam
226 1340 310 1405 bano
344 1339 540 1422 optimarum
576 1338 742 1403 literarum
775 1339 941 1422 altricem,
971 1363 1035 1408 noo
1066 1342 1137 1409 sine
1166 1360 1259 1425 magno

114 1445 276 1529 impendio
300 1450 391 1509 trans
412 1442 510 1527 Alpes
534 1442 683 1508 eSueria
706 1444 795 1524 misi,
819 1451 981 1529 quatenus
996 1446 1163 1513 biennium
1181 1464 1259 1531 penes

115 1551 243 1635 egregia
265 1550 439 1615 sanctitate
464 1549 575 1628 virum,
597 1548 690 1614 illum
705 1548 880 1633 Georgium
903 1550 1112 1636 Vespasium,
1133 1550 1258 1619 assiduus

113 1677 245 1722 mensae
269 1676 347 1720 suae
370 1676 409 1720 ac
432 1654 565 1738 hospitii
587 1654 712 1734 socius,
743 1654 901 1738 Angelum
925 1657 1141 1739 Politianum‚
1169 1654 1259 1722 Mami·

113 1760 192 1827 lium
215 1761 373 1840 Fioinum,
405 1767 438 1825 et
461 1760 661 1824 Demetrium
686 1759 939 1845 Chaloondylen,
968 1767 1161 1848 ceterosque
1180 1760 1259 1846 philo
1284 1750 1287 1757 ’

114 1866 324 1950 sophissimos
347 1865 491 1931 homines
507 1865 652 1949 quotidie
676 1865 825 1945 audires,
847 1866 937 1933 nolui
953 1867 1053 1933 etiam
1076 1867 1152 1934 huic
1173 1862 1259 1932 decori

114 1978 171 2038 tuo
195 1973 308 2037 deesse
332 1972 409 2054 quin
433 1970 596 2050 hebraica,
620 1992 705 2036 nunc
729 1970 892 2053 sacerdos,
915 1971 1116 2052 addisceres,
1139 1990 1260 2057 praeser-

114 2079 173 2143 tim
209 2098 282 2143 cum
315 2082 479 2141 nostrates
508 2075 626 2140 ludaei
662 2076 713 2141 vel
746 2076 884 2157 invidia,
916 2078 969 2143 rel
998 2078 1165 2162 imperitia
1193 2071 1260 2141 ducti

114 2182 334 2247 Christianum
364 2180 522 2245 nemiuem
550 2182 583 2244 in
617 2203 728 2246 eorum
757 2182 867 2266 lingua
894 2183 1025 2251 erudire
1055 2184 1158 2250 velint
1184 2182 1259 2266 idque

114 2292 267 2352 recusant
302 2285 471 2369 cujusdam
504 2286 585 2351 Rabi
620 2287 693 2351 Ami
726 2288 937 2368 anctoritate,
973 2288 1031 2373 qui
1063 2289 1098 2355 in
1129 2281 1262 2354 Thalmud

117 2403 217 2450 aaran
239 2403 343 2450 naon:
368 2392 415 2455 ita
438 2391 530 2455 dixit.
570 2390 642 2456 Non
666 2392 882 2476 explanantur
904 2393 1006 2458 verba
1028 2393 1111 2478 legis
1132 2392 1260 2477 cuiquam

114 2495 286 2579 gentilico
310 2496 397 2579 quod
421 2497 580 2581 seriptum
603 2503 667 2561 est:
691 2497 753 2576 Qui
775 2498 950 2563 adnunciat
973 2498 1074 2564 verba
1097 2520 1157 2564 sua
1171 2494 1261 2572 Jacob,

114 2606 291 2684 praecepta
317 2622 377 2665 sna
406 2607 439 2665 et
458 2601 585 2685 judicia
609 2623 669 2666 sua
692 2601 793 2667 lsrael
816 2624 880 2669 non
903 2602 981 2670 fecit
1014 2603 1165 2669 similiter
1196 2596 1260 2668 omni

113 2705 209 2790 genti.
248 2705 348 2771 Nobis
365 2713 475 2771 autem
499 2707 531 2769 in
548 2712 636 2772 statu
654 2708 779 2790 gratiae
802 2707 898 2773 alitor
913 2707 1091 2774 mandatur
1106 2701 1261 2775 Matthai⁸

113 2811 253 2878 decimo:
281 2811 374 2889 Quod
397 2813 430 2876 in
453 2833 565 2877 aurem
589 2811 726 2892 auditis,
749 2811 924 2895 praedicate
948 2835 1048 2898 super
1070 2820 1173 2895 tecta,
1194 2806 1259 2897 quod

115 2923 149 2983 et
179 2939 236 3001 ego
264 2917 348 2982 facio
377 2924 474 3001 teque
498 2917 620 2982 imitari
646 2917 770 3000 jubebo
794 2923 828 2983 et
849 2939 909 3002 pro
932 2917 993 2985 hoo
1017 2940 1094 3004 ergo
1125 2918 1259 2985 memento

112 3024 177 3088 mei
192 3023 292 3103 Deus,
318 3030 351 3088 et
367 3045 464 3107 parce
489 3022 566 3087 mihi
583 3022 760 3088 secundum
782 3023 1024 3090 multitudinem
1039 3024 1258 3092 miserationum

114 3133 254 3193 tuarum.
303 3132 414 3194 Amen.

354 3251 455 3335 Exegi
478 3257 719 3315 monumentum
744 3271 819 3317 aere
840 3247 845 3336 Ι
865 3251 1041 3335 perennius

476 3355 601 3430 Nouis!
624 3355 751 3420 Martiis
776 3357 867 3422 Anno
887 3353 892 3442 Ι

601 3460 729 3526 stow.
750 3465 755 3541 Ι
775 3461 790 3500 ⁴

698 3627 718 3662 ἥ

189 3725 199 3770 1
221 3718 274 3770 Der
294 3726 369 3769 untes
387 3719 433 3769 der
452 3719 608 3787 abkiirzung
627 3721 779 3782 „Rambau“
802 3719 936 3770 botanute
960 3720 1087 3772 erkltrer.
1159 3713 1257 3786 apat·-

112 3807 194 3879 gogo]
216 3809 323 3859 dohann
344 3809 446 3871 Strelor,
468 3808 520 3873 vgl.
540 3809 633 3858 dassen
653 3808 736 3858 brieio
760 3811 823 3858 1491
847 3807 914 3859 obeu
933 3808 1091 3859 nroXXXl
1112 3825 1138 3860 u.
1156 3800 1259 3857 xxxnt

114 3898 240 3951 aMatth.
267 3913 288 3948 c.
310 3897 334 3945 X
354 3913 377 3945 r.
398 3901 439 3946 ti.
465 3893 538 3947 aiod
562 3894 593 3955 εἰς
613 3893 639 3946 τὶ)
665 3889 705 3954 οὖς
725 3893 835 3958 drodant,
863 3892 981 3964 κηρύξατε
1006 3892 1045 3946 e'rrl
1072 3897 1122 3951 τῶν
1148 3889 1261 3964 δωμάτων.

112 3991 129 4036 4
149 3988 256 4038 Diesem
274 3985 351 4038 stiiok
370 3985 439 4050 folgt
458 3986 500 4033 ein
519 3983 660 4036 schreiben
680 3984 725 4034 des
745 3987 833 4050 Georg
851 3983 947 4035 Simler
973 3999 1007 4034 an
1025 3983 1076 4035 deu
1096 3980 1263 4034 bucbdrneker

111 4074 239 4125 Anshelm
259 4076 302 4139 (27
326 4074 399 4124 Mttra
427 4074 512 4141 1506),
534 4073 563 4123 in
586 4072 711 4124 walchem
735 4078 846 4123 erstersr
869 4071 1014 4124 Reuohlins
1040 4073 1113 4124 werlr
1135 4070 1196 4124 sehr
1219 4065 1265 4121 lost

111 4160 165 4211 und
184 4163 316 4225 mittheilt,
335 4161 395 4211 dass
415 4159 500 4210 dieser
519 4160 564 4211 ihn
584 4161 631 4212 mit
649 4161 695 4211 der
713 4175 791 4228 sorge
810 4160 852 4208 siit
872 4158 922 4210 deu
941 4159 1024 4210 druols
1044 4159 1091 4211 des
1110 4158 1209 4213 boeliae
1224 4157 1267 4209 dis·

113 4247 208 4298 cedens
228 4246 400 4314 delegaverit,
427 4247 563 4298 discedens
588 4265 638 4299 ron
659 4251 744 4300 oinem
764 4246 880 4300 besuehe
899 4247 1097 4311 inPfornlreim,
1116 4247 1194 4312 donn,
1210 4243 1269 4299 naal

113 4334 287 4384 Camerarius:
309 4335 340 4384 de
360 4338 414 4384 vita
432 4335 550 4402 Philippi
569 4339 781 4388 alelauclnhoois
801 4337 917 4387 narratio
938 4334 989 4400 (ed.
1010 4334 1115 4387 Strobel
1134 4351 1154 4389 s.
1173 4339 1202 4406 9)
1219 4349 1270 4389 eve·

115 4420 204 4472 siebat
223 4437 304 4487 saepe,
323 4431 351 4470 ut
369 4423 531 4475 Rcuohliuus
550 4427 660 4490 patriam
680 4433 706 4477 et
723 4440 786 4477 suos
807 4425 912 4475 viseret.
