2798 4980
660 305 724 372 143

108 495 224 582 quibus
256 515 315 561 vos
347 493 494 575 utimini,
532 493 591 559 sed
631 496 757 578 topicis.
793 495 886 561 ·Fuit
925 495 1010 560 enim
1041 515 1140 580 genus
1171 511 1276 562 cansa

106 601 362 678 deliberativum,
379 599 465 685 quod
480 600 513 663 in
529 601 798 665 consultationem
814 602 954 683 positum
970 601 1066 684 juxta
1082 599 1272 666 Ciceronem

107 707 206 773 habet
227 707 260 771 in
285 727 319 771 se
344 705 525 770 suasionem
549 711 582 769 et
605 704 841 770 dissuasionem
860 707 880 785 ¹,
904 711 1105 790 quapropter
1130 728 1195 771 non
1212 727 1279 770 ma-

108 809 323 891 themathice,
354 808 412 874 sed
439 808 599 875 rhetorice
627 811 799 893 disputavi,
823 812 930 876 omnia
958 811 1158 877 concludens
1196 812 1280 877 eitra

108 915 332 1000 praejudicium
353 913 515 992 veritatis,
546 915 632 998 quod
656 914 729 980 finis
756 916 880 980 consilii
907 917 969 981 mei
992 917 1100 998 palam
1124 917 1275 991 ostendit,

109 1019 166 1087 ubi
199 1019 302 1086 detuli
331 1018 485 1084 honorem
515 1019 757 1105 archiepiscopo
794 1027 827 1086 et
856 1021 1015 1101 ecclesiae,
1047 1043 1110 1106 quo
1148 1022 1276 1086 nomine

110 1125 285 1192 secundum
311 1123 574 1189 Panormitanum
601 1124 635 1188 in
662 1147 688 1190 c.
719 1126 1030 1192 excommunicamus
1052 1127 1093 1206 II,
1118 1132 1210 1190 extra
1234 1125 1273 1190 de

111 1231 273 1296 hereticis
296 1228 531 1312 intelliguntur:
562 1229 668 1311 Papa,
693 1230 902 1297 Dioecesanus
930 1238 964 1295 et
989 1231 1162 1314 inquisitor
1193 1251 1278 1294 com-

111 1336 291 1415 missarius,
315 1333 431 1419 quibus
454 1355 505 1399 me
530 1333 661 1418 subjeci,
684 1342 886 1418 protestatus
909 1335 988 1400 nihil
1006 1335 1164 1400 affirmare
1189 1334 1280 1414 velle,

114 1439 202 1524 quod
225 1440 360 1504 illinon
383 1439 590 1505 affirmarent.

203 1545 365 1610 Audivisti
399 1544 477 1629 quid
505 1545 569 1629 egi;
600 1545 677 1609 andi
705 1545 783 1629 qnid
811 1545 927 1628 patiar.
978 1544 1111 1612 Judaeus
1150 1547 1281 1632 quidam

117 1649 304 1733 baptizatus
321 1649 520 1717 Coloniensis
537 1657 747 1733 cognomento
763 1649 973 1730 Pfefferkorn,
998 1651 1144 1717 omnibus
1160 1650 1282 1715 viribus

115 1754 221 1820 adhoc
246 1760 396 1834 conatus,
418 1761 456 1822 ut
479 1760 513 1821 et
535 1755 652 1840 singuli
674 1755 887 1822 Hebraeorum
909 1756 998 1836 libri,
1027 1761 1146 1839 praeter
1176 1756 1279 1821 solum

117 1864 150 1926 et
172 1860 297 1925 nudum
324 1860 430 1925 bibliae
461 1865 601 1940 textum,
635 1867 932 1940 concremarentur,
962 1861 1014 1927 vel
1035 1847 1184 1944 potius,‘
1198 1861 1282 1925 sicut

117 1985 176 2048 ego
205 1965 275 2048 ipse
305 1965 479 2031 somniasse
509 1965 651 2043 dicerer,
679 1967 826 2031 incendio
857 1967 986 2051 ignique
1014 1965 1281 2031 tantummodoa

118 2069 246 2136 Caesare
267 2070 549 2150 demandarentur,
573 2093 636 2137 non
653 2078 766 2137 secuta
783 2072 981 2153 executione,
1003 2078 1041 2137 ut
1063 2079 1138 2136 ante
1155 2071 1279 2136 scilicet

117 2177 355 2256 executionem,
386 2177 413 2242 si
441 2176 629 2241 mandatnm
656 2177 737 2241 illud
766 2199 845 2242 auro
877 2183 910 2242 et
939 2183 1073 2260 argento
1104 2176 1209 2260 gravi,
1243 2181 1280 2241 ut

115 2281 254 2366 ipsemet
276 2283 407 2362 notavit,
432 2282 605 2366 aliquando
629 2290 852 2363 revocaretur,
884 2285 1048 2366 particeps
1071 2281 1164 2347 fieret
1193 2282 1281 2363 auri;

116 2408 189 2452 cnm
213 2387 347 2452 vidisset
369 2409 419 2453 ine
443 2388 538 2453 aliter
560 2388 728 2455 consulere
753 2410 850 2473 quam
872 2396 1010 2473 optaret,
1035 2388 1136 2454 edidit
1165 2394 1279 2454 contra

116 2514 166 2558 me
194 2493 340 2558 libellum
379 2493 539 2559 famosum
568 2496 600 2559 in
630 2496 792 2560 lesionem
827 2495 964 2560 nominis
994 2495 1058 2559 mei
1085 2515 1124 2559 ao
1152 2493 1282 2559 honoris

116 2597 354 2664 intolerabilem
372 2600 392 2666 2.
417 2599 511 2677 Quod
533 2601 628 2664 multi
644 2602 794 2665 asserunt
815 2600 893 2664 mihi
915 2605 1023 2665 ortum
1038 2599 1157 2663 auxilio
1175 2598 1283 2663 eximii

116 2703 267 2769 Doctoris
291 2704 405 2768 Jacobi
436 2704 701 2770 Hoohstratensis
719 2706 741 2784 ³,
764 2706 881 2790 prioris
903 2705 1012 2770 vestri.
1067 2704 1173 2781 Quare
1203 2702 1282 2766 mihi

117 2809 263 2892 quotidie
288 2809 478 2893 exprobrari
502 2810 598 2891 solet,
623 2811 699 2896 quia
722 2832 849 2894 semper
879 2809 1000 2874 ordinis
1029 2808 1282 2891 praedicatorum

115 2916 368 2998 propugnator4
399 2914 530 2995 fuerim,
561 2938 645 2981 nunc
673 2937 757 2981 nunc
786 2915 924 2980 habeam
951 2911 1134 2977 mercedem
1167 2931 1282 2990 meam,

116 3017 186 3097 hoc,
219 3018 384 3102 iuquiunt,
414 3021 456 3084 sit
484 3020 636 3085 salarium
666 3020 884 3085 advocationis
919 3040 1012 3097 meae,
1042 3018 1097 3101 qui
1126 3017 1282 3080 hactenus

119 3122 319 3189 defenderim
342 3125 591 3203 Praedieatores,
621 3132 667 3205 nt,
701 3125 851 3210 quoniam
881 3126 969 3209 juste
1000 3124 1088 3207 passi
1116 3124 1181 3188 sint
1209 3143 1282 3187 con-

118 3229 297 3309 tumeliam,
322 3250 380 3312 ego
411 3236 500 3295 recte
533 3251 661 3315 quoque
695 3231 820 3312 patiar,
858 3231 1010 3314 quatinus
1043 3250 1106 3295 uno
1135 3228 1283 3293 cruciatu

117 3341 150 3401 et
172 3335 368 3401 advocatum
391 3341 424 3400 et
446 3336 581 3401 clientes
604 3336 738 3400 infamia
761 3342 922 3419 torqueat.
968 3336 1046 3400 Haec
1074 3341 1150 3400 sunt
1181 3335 1281 3400 verba

119 3441 309 3507 amulorum
333 3447 515 3506 vastrorum
539 3461 623 3524 quae
646 3441 723 3505 mihi
755 3441 832 3506 lieet
854 3440 1027 3506 liventibus
1050 3441 1151 3506 oculis
1174 3446 1284 3508 tamen

117 3546 362 3612 subridentibus
386 3546 480 3612 labiis
504 3546 670 3631 objiciunt.

205 3653 273 3736 Ego
289 3673 365 3717 vero
388 3673 438 3716 me
455 3672 519 3716 non
533 3659 652 3734 putans
667 3651 819 3716 infamem
836 3650 921 3736 quod
937 3651 979 3716 ab
995 3650 1106 3715 infami
1120 3649 1282 3715 nebulone

117 3756 311 3837 confundor,
343 3757 477 3822 cuilibet
506 3757 717 3841 opprobranti
749 3778 877 3840 semper
907 3754 1103 3839 respondeo,
1132 3777 1184 3819 me
1219 3776 1283 3819 non

118 3864 251 3930 credere
275 3869 402 3929 tantum
424 3865 528 3929 virum
543 3862 668 3948 injuriis
683 3863 761 3928 dare
778 3883 919 3946 operam,
943 3861 995 3925 cui
1010 3859 1178 3943 replicant,
1196 3859 1284 3942 quod

117 3969 251 4036 Jndaeus
278 3968 461 4054 baptizatus
484 3969 571 4034 haud
600 3968 725 4034 frustra
753 3969 954 4034 nominatum
978 3965 1143 4031 doctorem
1174 3963 1279 4029 Hoch-

189 4164 387 4233 lCiceronem]
412 4165 560 4217 deiurant.
580 4163 654 4215 155.
691 4097 710 4134 ⁴*
728 4169 751 4214 2.
771 4157 963 4228 Handspiegcl.
1036 4158 1132 4224 evgl.
1152 4158 1218 4210 iiber
1237 4157 1282 4208 ibn

116 4253 158 4306 die
176 4255 271 4306 schrift
291 4270 342 4306 von
362 4255 395 4304 H.
415 4255 540 4305 cremans
558 4255 633 4304 Bonn
655 4255 731 4303 1869.
803 4255 819 4300 4
840 4247 1031 4315 Propugnator]
1049 4249 1103 4314 vgl.
1124 4247 1284 4299 nementlich

116 4341 158 4395 die
184 4342 267 4395 briefe
294 4342 340 4394 des
365 4345 442 4394 Peter
463 4343 551 4408 Siber,
576 4344 676 4394 Lorenz
697 4338 837 4405 Aufkirch,
857 4335 972 4404 Wigond
997 4352 1057 4388 vom
1077 4337 1098 4405 j.
1120 4337 1187 4388 1504
1215 4334 1284 4388 oben

117 4445 170 4485 nro.
189 4431 352 4486 LXXXVIII
370 4432 397 4484 ff.
