2798 4980
639 612 752 678 LXXI.

183 752 321 818 stuttgart,
1019 753 1052 802 26
1072 753 1142 819 Sept.
1166 755 1241 806 1500.

441 884 612 988 Oapnion
630 886 770 986 Vigilio
790 886 956 964 salutem.

206 1070 275 1135 Tua
294 1070 304 1108 ¹
320 1069 353 1132 in
369 1088 419 1134 me
436 1066 611 1147 voluntate,
636 1068 680 1131 mi
703 1069 925 1136 amantissime
948 1072 1053 1156 Vigili,
1077 1072 1148 1138 vide
1165 1072 1277 1156 quanti

114 1183 151 1240 te
195 1175 329 1240 faciam!
368 1173 449 1238 nihil
489 1172 567 1237 mihi
609 1178 684 1256 post
715 1173 842 1239 libellos
873 1181 907 1241 et
937 1176 1068 1243 chartas
1095 1176 1278 1262 jucundius

112 1280 197 1351 nihil
220 1281 349 1345 suavius
382 1299 523 1363 unquam
549 1277 582 1342 id
606 1299 734 1362 semper
757 1279 901 1345 audienti
926 1302 965 1346 ex
988 1282 1136 1348 omnibus
1160 1283 1214 1366 qui
1238 1281 1280 1346 ad

116 1407 178 1451 nos
208 1386 303 1452 istinc
332 1385 464 1472 veniunt
492 1384 637 1466 egregrie
661 1389 694 1448 te
719 1384 758 1448 de
783 1385 875 1449 nobis
899 1387 1114 1452 sollicitudine
1137 1387 1221 1452 affici
1243 1393 1281 1451 ut

116 1490 292 1556 valeamus.
339 1488 431 1568 Quod
455 1510 559 1573 nuper
576 1489 674 1554 etiam
691 1489 808 1554 nobilis
824 1489 1011 1557 adolescens
1028 1492 1081 1557 ille
1097 1486 1281 1557 Lonchinns

118 1602 153 1661 et
176 1595 347 1679 Dionysius
378 1594 481 1660 frater
513 1613 614 1676 prope
639 1593 752 1658 testati
776 1599 859 1659 sunt.
910 1597 957 1660 Eo
981 1619 1051 1661 sum
1076 1597 1191 1663 ductus
1215 1618 1282 1662 ma*

118 1702 203 1766 xime
231 1707 269 1766 ut
291 1706 398 1767 vestro
423 1698 651 1778 contubernio,
676 1699 703 1763 si
727 1720 790 1763 uon
814 1700 899 1765 omni
923 1708 1102 1782 momento,
1127 1709 1281 1787 atquem

119 1827 205 1890 saepe
230 1805 338 1890 quoad
360 1804 445 1883 licet,
469 1805 629 1868 interesse
653 1803 790 1886 cupiam,
814 1804 870 1870 ubi
894 1807 998 1871 scutis
1023 1812 1055 1871 et
1077 1807 1206 1872 aeribus
1236 1807 1283 1870 in-

121 1912 222 1994 geniis
245 1932 308 1975 non
332 1909 426 1974 modo
450 1909 633 1992 priscorum
658 1907 844 1990 dogmatum
868 1910 1011 1975 thesauri
1036 1918 1208 1990 eruuntur,
1232 1933 1284 1976 ve-

120 2017 295 2082 rumetiam
334 2014 440 2080 aetatis
479 2019 599 2079 nostrae
639 2013 838 2079 meditantur
869 2015 1014 2095 inventa,
1049 2016 1106 2082 ubi
1134 2017 1213 2081 nihil
1234 2023 1283 2081 est

121 2141 258 2206 usquam
282 2121 334 2184 vel
355 2120 533 2184 divinarum
558 2117 609 2182 vel
631 2118 844 2184 humanarum
868 2142 975 2187 rerum
1000 2123 1085 2207 qnod
1114 2144 1176 2187 non
1200 2123 1285 2187 inter

122 2224 289 2291 foecundos
314 2225 430 2290 calices
454 2224 660 2290 aristotelico
684 2245 774 2289 more
804 2225 836 2289 in
867 2231 1038 2311 utramque
1071 2234 1195 2311 partem
1222 2226 1282 2291 dis·

123 2335 266 2415 putetur,
290 2350 353 2412 quo
370 2330 401 2392 in
418 2350 534 2412 genere
552 2327 612 2413 (dii
629 2328 717 2411 honi)
737 2336 858 2413 quanto
874 2354 946 2397 oum
968 2332 1075 2398 studio
1093 2332 1255 2397 Andream
1273 2330 1285 2368 ²

124 2441 270 2502 nostrum
316 2433 405 2498 illum
449 2432 764 2517 philosophissimum
808 2435 968 2502 hominem
1007 2436 1286 2503 abundantissimo

124 2539 255 2606 dicendi
282 2543 427 2604 torrente
462 2559 501 2602 ae
532 2539 562 2602 vi
587 2540 743 2603 sermonis
768 2540 939 2622 praeditum
963 2542 1143 2608 audivimus
1167 2562 1286 2619 omnes,

125 2647 223 2711 etiam
247 2645 280 2708 in
304 2644 439 2710 multam
463 2649 589 2709 noctem
614 2644 655 2708 ab
680 2645 748 2728 ejus
772 2667 827 2710 ore
851 2646 1039 2729 pendentes,
1064 2669 1158 2731 quom
1184 2667 1249 2733 qna
1277 2645 1290 2684 ⁸

126 2751 165 2816 de
196 2772 232 2814 re
264 2749 371 2815 dicere
398 2749 490 2813 illum
520 2748 616 2813 libuit
653 2757 812 2832 perpetua
843 2752 988 2816 oratioue
1018 2773 1095 2816 usus
1128 2751 1289 2835 pulpitum

127 2856 320 2920 concederet
352 2854 481 2920 nemini.
527 2855 594 2936 ligo
628 2876 704 2919 vero
740 2855 892 2920 Arcesilae
926 2855 1021 2920 modo
1061 2862 1093 2920 et
1129 2852 1291 2920 Carneadi

127 2966 242 3026 contra
265 2981 357 3027 omne
389 2958 477 3045 quod
507 2960 733 3043 proposuisset
764 2980 900 3025 conarer
932 2960 1099 3026 disserere.
1147 2959 1291 3023 Memini·

128 3067 211 3132 stine
236 3065 365 3150 quando
388 3065 566 3148 pugnantia
589 3065 654 3130 dua
680 3072 713 3130 et
735 3065 990 3130 contradictoria
1013 3065 1045 3129 in
1069 3086 1132 3130 uno
1151 3063 1291 3148 quodam

128 3173 285 3238 latissimo
309 3171 443 3236 instanti
465 3191 541 3235 vera
563 3192 633 3236 esse
658 3171 853 3251 statuebam,
878 3171 1048 3255 quantus⁴
1074 3170 1103 3234 ei
1119 3170 1204 3234 risus
1221 3188 1291 3232 cum

130 3278 341 3343 exclamaret:
364 3276 421 3341 ubi
445 3282 495 3342 est
511 3275 635 3342 instans
652 3275 873 3360 Capnionium.
911 3276 979 3340 Nec
1002 3276 1118 3340 mirum
1143 3273 1230 3359 qnod
1253 3272 1293 3335 de
1366 3285 1371 3303 ¹

130 3404 196 3448 suae
220 3382 376 3448 orationis
403 3381 535 3446 flumine
564 3386 630 3445 tam
655 3382 759 3446 multa
782 3381 957 3461 hausimus,
981 3403 1053 3446 cum
1078 3386 1165 3446 totns
1188 3377 1295 3444 fiumi-¹

130 3489 225 3554 nibus
249 3493 383 3567 scateat,
406 3486 492 3552 unde
516 3491 671 3570 tanquam
695 3485 735 3551 de
759 3488 893 3570 spongia
916 3487 1172 3571 quandocunque
1198 3483 1295 3548 alter-

131 3596 295 3661 cationum
311 3593 488 3658 certamine
505 3591 736 3675 comprimitur.
775 3593 864 3656 Varii
882 3599 1016 3657 manant
1031 3590 1296 3675 philosophorum

131 3700 191 3764 rivi
222 3699 308 3763 inter
339 3697 506 3761 cacumina
536 3696 795 3762 doctissimorum
827 3697 984 3776 virorum,
1022 3697 1105 3761 alter
1136 3692 1295 3776 Apollinis

131 3805 321 3880 Parnassus,
346 3824 385 3867 ex
408 3825 470 3886 quo
487 3802 630 3881 Tanaim,
655 3803 819 3881 Bactrum,
850 3803 1040 3884 Choaspem,
1064 3799 1187 3874 Indum,
1216 3797 1296 3858 Ara·

131 3931 194 3975 xen
224 3909 367 3992 ingentia
397 3907 530 3973 flumina
559 3906 673 3972 scribit
698 3907 891 3972 Aristoteles
915 3906 968 3970 ille
993 3903 1148 3987 Stagirita
1174 3901 1298 3982 impetu

130 4015 309 4101 profluere,
344 4014 427 4079 alter
456 4014 614 4078 orientem
644 4034 757 4077 versus
789 4009 972 4077 Promethei
1002 4008 1179 4086 Caucasus,
1211 4006 1297 4070 nnde

130 4119 358 4187 Phasisleuto
379 4119 480 4202 gradu
505 4117 654 4197 elabitur,
678 4118 762 4183 alter
787 4115 830 4182 ad
854 4112 1052 4181 occidentem
1076 4117 1188 4177 vertex
1203 4112 1299 4195 Pyre·

705 4310 723 4347 tlt

208 4418 348 4470 r‘rvaa.
423 4413 749 4468 aS.0.nr0.txvl11.
828 4415 939 4478 3quom
960 4428 984 4477 q.
1005 4415 1029 4461 2.
1102 4406 1300 4472 aquantos2·

161 4535 295 4576 Reuehlln
1076 4503 1092 4559 ῧ
