2580 4178
699 3 764 71 134

147 198 256 268 studio
280 196 443 265 indefesso
466 195 666 281 congessisti.
711 193 868 263 Placeant
896 193 975 261 licet
1003 194 1067 263 sibi
1090 194 1236 263 multum
1255 194 1287 263 H

149 304 230 372 brai
260 323 388 382 omnes,
421 320 487 366 nou
520 305 630 367 tamen
660 320 804 385 unquam
830 298 897 367 tale
927 320 1010 385 opus
1038 290 1231 386 perficient,
1272 330 1276 359 ι

147 409 287 476 latinum
309 413 344 473 et
368 405 506 490 elegans,
529 410 623 470 tanta
646 402 786 491 denique
809 403 1201 489 vametatedistinctum,
1227 412 1284 473 lan

146 514 319 599 majestate
342 496 478 595 fulgens,
502 510 676 593 quodynon
700 508 826 576 Latinis
849 509 956 590 modo,
978 508 1038 579 sed
1060 516 1096 577 ct
1118 510 1246 579 arens·
1275 542 1280 569 ι

147 618 325 705 petendum
347 617 390 682 sit
412 613 596 699 plurimum
641 614 685 680 llt
707 614 735 680 si
757 635 871 681 rerum
898 614 1007 681 dicere
1035 614 1129 715 bost,
1156 620 1228 683 tam
1254 638 1288 683 m

146 722 230 789 ritus
254 744 303 803 es,
333 721 394 787 boc
422 718 473 785 vel
494 718 590 785 unico
613 738 711 803 opere
740 720 829 805 apud
858 740 970 787 omues
999 720 1105 787 sacris
1130 718 1285 787 literius

146 833 267 906 cantes,
290 832 328 893 ut
349 825 435 905 licet,
459 822 640 910 quamlibet
661 823 800 891 multum
822 823 885 891 tibi
899 824 1112 909 rependeant,
1134 830 1290 911 partam

144 932 287 999 reddant
321 948 506 1016 numquam.
561 927 734 995 Debitores
771 929 971 997 constituisti
1006 935 1082 996 tuos
1112 936 1234 999 'omnes
1264 954 1287 1019 q

145 1035 326 1103 dirinmum
348 1036 519 1102 literarum
541 1032 695 1099 abstrusa
716 1035 851 1119 propius
866 1035 989 1103 intueri
1003 1035 1127 1117 volunt,
1151 1036 1265 1105 debito
1289 1069 1290 1074 κ

144 1141 276 1227 iuquam
307 1147 382 1207 tuos
414 1138 612 1205 constituisti
644 1146 679 1205 et
710 1138 771 1205 tibi
801 1138 974 1220 obnoxios,
1006 1160 1072 1206 non
1095 1140 1249 1209 detracto
1273 1174 1286 1201 a

145 1244 285 1312 Valeant
315 1265 391 1330 ergo
421 1244 478 1330 qui
505 1249 580 1331 „tem
611 1242 754 1329 elegans,
788 1250 856 1310 tam
886 1243 967 1310 utile
997 1250 1032 1311 et
1058 1244 1258 1330 praeclarum

147 1349 291 1417 divinum
320 1371 402 1433 opus
431 1353 490 1414 aut
520 1346 767 1429 calumniantur,
791 1353 850 1414 aut
872 1349 932 1416 tibi
957 1351 1086 1417 auctori
1117 1351 1248 1437 eripere
1284 1385 1287 1410 .

144 1459 268 1521 turtur.

235 1560 278 1625 At
294 1559 380 1625 dicat
391 1556 592 1625 Pfefferkorn
607 1564 640 1622 te
655 1556 735 1623 illud
751 1564 918 1624 mutuasse
943 1558 985 1624 ab
1011 1558 1171 1629 Hsbrais.
1202 1562 1290 1642 012,

146 1665 223 1732 dum
255 1670 362 1749 caput.
410 1662 565 1750 Nunquid
593 1661 686 1728 nobis
717 1669 793 1728 sunt
825 1663 967 1730 scientie
996 1666 1201 1749 congenita?
1246 1668 1285 1749 ρ.

143 1790 287 1855 unquam
327 1768 478 1833 literatus
510 1768 612 1833 evasit
651 1767 719 1835 siue
756 1776 976 1854 praeceptore,
1011 1771 1083 1837 siue
1112 1772 1270 1841 literisl'

143 1874 225 1940 nihil
248 1872 443 1940 censendum
467 1878 517 1937 est
539 1877 688 1937 nostrum
712 1873 800 1957 quod
815 1874 857 1939 ab
879 1874 951 1940 aliis
976 1875 1175 1960 accepimus,
1198 1900 1281 1967 prop

120 1977 336 2051 ‚habebimus
359 1975 447 2041 nihil.
484 1976 572 2041 Nihil
596 1976 736 2041 enimin
761 1977 845 2043 bunc
867 1979 1022 2045 muudum
1046 1981 1229 2049 intulimus.

113 2058 116 2079 ‘
146 2104 187 2149 ne
216 2082 259 2148 ad
282 2088 437 2148 extranea
461 2088 681 2161 transeamus,
712 2081 740 2147 si
763 2083 904 2149 eruditio
927 2106 1025 2169 quam
1053 2085 1097 2151 ab
1126 2088 1204 2155 aliis
1232 2110 1253 2155 a
1278 2119 1288 2146 s

144 2187 261 2273 pimus,
284 2193 397 2253 nostra
411 2209 476 2255 nou
492 2191 551 2267 est,
570 2187 640 2271 jam
655 2187 968 2271 Peripatbeticorum
988 2190 1129 2275 principi
1147 2193 1259 2261 Aristo
1280 2224 1285 2250 ε

146 2293 219 2359 laus
235 2292 338 2359 omnis
354 2298 468 2376 erepta
484 2298 543 2358 est.
591 2291 683 2370 Quod
700 2292 784 2356 euim
799 2292 853 2359 ille
869 2295 1008 2379 scripsit,
1025 2317 1065 2361 ex
1080 2297 1156 2365 aliis
1167 2320 1247 2372 sum
1257 2330 1279 2358 a

145 2398 285 2464 maxime
308 2402 419 2463 autem
442 2419 462 2463 a
486 2397 620 2463 Platone
645 2417 720 2481 quo¹
739 2419 817 2463 usus
845 2405 894 2464 est
925 2400 1138 2485 praeceptore.
1186 2404 1286 2471 Etru

146 2525 217 2571 sum
241 2504 333 2569 Plato
362 2522 383 2567 a
411 2501 554 2569 Socrate.
600 2501 752 2586 Nunquid
783 2524 859 2586 ergo
889 2504 981 2570 Plato
1011 2506 1135 2573 bonore
1163 2530 1224 2576 suo
1253 2531 1273 2594 p

145 2614 249 2688 vatur,
274 2609 350 2693 quia
373 2627 413 2672 ea
436 2607 566 2691 scripsit
590 2627 660 2691 quae
684 2627 704 2671 a
728 2607 862 2673 Socrate
885 2609 1035 2693 accepit?
1059 2611 1166 2679 Absit.

231 2712 304 2778 Nou
326 2712 405 2796 legit
428 2709 628 2777 Pfeffarkorn
650 2712 733 2777 illud
757 2713 996 2780 Horatianum¹

301 2840 414 2892 Publica
432 2842 554 2892 materies
573 2842 669 2908 privati
684 2842 752 2906 juris
772 2843 821 2892 erit
840 2843 863 2893 si

300 2928 358 2980 Nou
378 2931 449 2981 circa
468 2931 548 2982 vilem
565 2930 736 2996 patulumque
756 2929 900 2982 morabitur
919 2932 1017 2984 orbem.

233 3040 313 3106 Esto
336 3041 447 3126 itaqua
474 3042 517 3109 ab
540 3043 687 3108 Hebraeis
711 3043 863 3110 didiceris
893 3045 1058 3112 hebraeum
1086 3051 1283 3136 acceperisq

144 3145 316 3209 materiam
339 3145 379 3211 de
404 3167 467 3230 qua
490 3149 670 3232 scripturus
694 3171 776 3229 eras,
798 3151 944 3234 nunquid
968 3152 1067 3216 etiam
1089 3153 1290 3221 inventione

146 3247 403 3333 dispositionem,
433 3254 675 3320 exornationem
700 3261 732 3320 et
755 3255 820 3320 alia
848 3254 882 3320 id
919 3258 1042 3340 genus?
1088 3259 1155 3325 Sed
1187 3261 1229 3327 de
1255 3260 1286 3325 h·

147 3354 236 3419 satis.

232 3460 393 3528 Catonum
425 3482 490 3528 non
527 3464 607 3530 satis
639 3465 784 3549 intelligo
822 3465 1090 3550 compositionem
1117 3470 1216 3555 hujus
1285 3499 1290 3528 ·

142 3565 252 3633 tionis:
278 3564 611 3651 Semhammaphoras.
659 3571 722 3635 Fac
745 3572 856 3655 itaque
880 3573 908 3637 si
931 3594 983 3637 ma
1009 3594 1101 3639 amas
1130 3581 1165 3641 et
1190 3577 1231 3642 ds
1256 3576 1287 3641 h·

143 3691 195 3737 me
225 3672 398 3737 certiorem
427 3672 556 3738 reddas.
603 3675 682 3741 Vale
712 3676 809 3742 foelix.
857 3677 987 3744 Salutat
1012 3683 1046 3744 te
1070 3679 1176 3747 abbas
1198 3688 1286 3749 noste

143 3775 193 3840 Ex
216 3776 414 3860 Ottanpyrra
438 3778 535 3844 tertio
560 3780 610 3844 Kl.
635 3781 843 3866 Septembres
870 3788 965 3847 1511.

231 3884 304 3944 Msc.
321 3887 434 3947 Ellenb.
451 3889 501 3949 lib.
518 3889 555 3965 Π,
573 3892 656 3965 epist.
676 3894 704 3951 9.
721 3891 771 3951 sol.
791 3896 875 3952 103ει
890 3891 934 3950 bis
954 3885 1044 3952 104b.

717 4045 734 4083 *
