2798 4980
661 342 729 409 234

660 572 737 639 col.

185 657 259 711 Rom.
1034 664 1069 714 as
1087 661 1148 712 Jan.
1169 660 1229 710 rere.

112 732 173 809 Jo.
203 731 348 808 Potken
394 731 613 832 praepositus
649 732 686 808 S.
718 732 872 833 Georgii
903 731 1075 810 Colouiae
1109 758 1190 808 cum
1214 730 1253 805 sui

112 856 301 932 amantiss.
322 854 360 929 J.
374 853 420 945 Q.
441 856 453 904 ¹
471 854 611 929 Joanni
630 856 814 931 Reuchlin
826 857 1030 932 Pborcensi
1046 856 1121 932 LL.
1141 853 1254 930 docbri

565 970 569 982 ’
618 978 655 1053 S.
677 979 720 1053 D.
741 979 783 1054 P.

202 1124 290 1190 Nihil
318 1123 527 1209 ambigimus,
560 1124 745 1193 doctissime
777 1128 907 1208 Doctcr,
936 1128 1015 1212 quin
1044 1131 1079 1192 et
1110 1127 1255 1191 nostrast

114 1230 253 1298 aliorum
276 1230 335 1296 tibi
358 1237 391 1295 et
406 1231 598 1295 innocentiae
614 1237 679 1297 tuae
695 1231 874 1298 faventium
890 1233 1005 1312 literae,
1027 1238 1062 1298 te
1078 1230 1120 1297 ob
1134 1230 1254 1297 Picamu

114 1357 178 1402 non
205 1341 353 1420 pertecta
383 1336 415 1399 in
447 1335 585 1402 urbibus
609 1336 801 1419 volantium,
830 1339 888 1404 sed
918 1337 1049 1403 vicatim
1073 1342 1107 1402 et
1129 1334 1254 1402 domatiu

115 1442 215 1508 etiam
248 1441 384 1506 casatim
415 1440 547 1505 humum
578 1463 641 1506 non
670 1450 810 1526 quatuor
842 1444 900 1509 sed
932 1443 1077 1528 quinque
1106 1440 1250 1525 digitorum

113 1544 251 1632 pedihus
274 1545 470 1611 calcantium
494 1554 527 1611 et
550 1554 710 1632 quaestum
734 1549 943 1614 mendicitate
959 1545 1149 1614 facientium
1162 1541 1254 1610 vexati·

115 1672 203 1731 ones,
236 1651 320 1717 forte
351 1651 608 1732 formidulosum,
637 1653 840 1737 aliquantum
863 1659 1024 1733 recreent,
1056 1670 1159 1737 eaque
1180 1650 1212 1715 dc
1228 1667 1253 1712 re

115 1762 148 1823 te
172 1757 212 1823 de
235 1756 397 1823 nonnullis
420 1757 574 1841 proximis
598 1757 713 1824 diebus
735 1781 795 1844 pro
819 1767 853 1825 ct
868 1766 982 1825 contra
999 1765 1032 1825 tc
1049 1759 1157 1824 Romae
1171 1752 1254 1841 gestis,

114 1863 286 1930 certiorem
310 1860 418 1928 lacere
442 1865 636 1930 curavimus.

204 1969 264 2034 Die
289 1968 453 2034 Veneris²
482 1970 627 2053 proximo
651 1968 753 2052 lapso,
776 1967 870 2034 nobis
893 1968 1124 2052 praesentibus,
1153 1968 1257 2035 decreta

115 2072 178 2140 luit
223 2072 371 2140 inhibitio
408 2096 468 2158 per
506 2075 809 2141 reverendissimum
847 2073 1048 2140 cardinalem
1090 2073 1258 2148 Grimauum,

115 2178 255 2245 alterum
279 2200 318 2245 ex
341 2179 468 2246 duobus
491 2179 688 2264 dignissimis
711 2178 930 2245 cardinalibus
960 2177 1004 2246 ad
1026 2176 1259 2264 cognoscendum

116 2291 151 2351 et
172 2284 412 2351 terminandum
435 2306 546 2351 omnes
570 2292 603 2352 et
626 2285 768 2369 singulas
791 2306 908 2352 causas
922 2290 997 2350 tuas
1013 2305 1074 2369 per
1089 2289 1261 2370 postremum

116 2391 310 2476 rescriptum
332 2391 366 2455 in
388 2389 589 2456 inhibitionis
605 2390 819 2456 instrumento
835 2392 994 2456 insertum
1011 2390 1186 2475 deputatis,
1205 2406 1262 2474 quo

116 2496 212 2562 modo
236 2517 276 2561 ex
298 2500 411 2561 tenore
436 2495 580 2580 ejusdem
604 2495 820 2576 instrumenti,
845 2496 933 2582 quod
955 2494 999 2561 ad
1021 2496 1071 2562 tui
1095 2493 1262 2562 consolatio

116 2622 192 2668 uem
224 2606 258 2667 et
283 2601 451 2686 jactantiae
485 2600 545 2666 tibi
576 2601 821 2667 adversantium
852 2601 1074 2668 confusionem
1096 2600 1140 2667 ad
1160 2607 1193 2667 tc
1210 2598 1263 2665 mit

116 2708 199 2774 titur
221 2706 349 2793 plenius
372 2707 542 2791 intelliges.
588 2707 750 2792 Adempta
774 2713 825 2773 est
848 2708 945 2773 tertio
964 2706 1070 2791 judici
1094 2699 1262 2773 Oardimli¹

117 2813 220 2881 omnis
238 2812 423 2899 jurisdictio
454 2811 599 2898 perbelle
624 2813 767 2899 quidem,
801 2835 841 2878 ne
872 2817 1008 2897 propter
1032 2813 1224 2896 superiorem
1239 2807 1263 2872 iu

116 2920 189 3004 ripa
218 2917 361 2984 fluminis
392 2917 517 2997 locum,
546 2940 643 3003 quem
674 2919 780 2984 denuo
811 2917 958 2998 obtinet,
983 2924 1099 3002 potum
1121 2917 1182 2985 tihi
1202 2915 1263 2980 lorta

117 3024 294 3092 turbasset.
341 3024 503 3090 Jussimus
531 3025 665 3108 nuper4
696 3031 730 3089 et
752 3044 837 3088 nunc
861 3044 989 3109 quoque
1008 3023 1176 3108 jubemus,
1202 3021 1264 3086 bono

116 3134 151 3196 te
174 3151 245 3196 esse
261 3129 378 3208 auimo,
402 3135 616 3214 optamusque
640 3134 676 3194 ut
692 3131 777 3196 sicut
800 3129 926 3213 egregie
949 3129 1094 3213 coepisti,
1118 3148 1177 3214 pro
1199 3120 1264 3192 virili

118 3255 222 3315 cures,
245 3239 284 3299 ut
306 3235 449 3300 omnium
480 3234 645 3300 climatum
675 3242 787 3320 gentes
811 3256 845 3300 se
868 3235 936 3300 suis
960 3233 1088 3319 sibique
1111 3229 1266 3320 respectio

119 3340 234 3407 alienis
258 3339 376 3424 linguis
400 3341 536 3407 invicem
558 3341 750 3424 intelligant.

208 3445 291 3511 Nam
314 3446 348 3511 id
370 3446 517 3532 profecto
541 3449 761 3513 necessarium
785 3450 850 3525 est,
874 3445 901 3510 si
924 3444 1056 3510 taudem
1081 3461 1167 3509 unus
1189 3438 1269 3527 fuerit

118 3556 242 3640 pastor,
277 3573 377 3617 uuum
408 3557 442 3618 et
474 3552 556 3645 opile
587 3575 716 3619 novum.
768 3551 853 3618 Proh
890 3548 982 3615 dolor
1012 3555 1149 3634 propter
1178 3552 1270 3615 uestra

118 3658 342 3744 majorumque
365 3664 551 3724 nostrornm
576 3665 713 3744 peccata
736 3680 756 3723 a
779 3665 924 3740 tempore
948 3653 1171 3738 apostolorum
1196 3652 1270 3728 cius,

119 3764 253 3849 spiritus
276 3769 407 3830 sanctus
430 3764 473 3829 ad
495 3763 671 3829 humanum
695 3783 796 3847 genus
819 3763 853 3827 in
877 3760 984 3845 specie
1005 3758 1125 3824 risibili
1140 3755 1272 3824 nondes-

119 3869 238 3937 cendit.
284 3869 348 3936 Sed
381 3869 500 3934 donum
537 3869 741 3935 diversarum
773 3869 958 3951 linguarum
992 3870 1042 3929 tot
1069 3865 1140 3949 jam
1171 3860 1271 3930 seculis

117 3982 280 4062 negatum,
304 3974 523 4041 calamitatem
547 3981 581 4041 et
603 3975 768 4040 miseriam
790 3969 978 4038 mortalium
1000 3968 1134 4035 taudem
1157 3970 1273 4042 misert-

690 4119 708 4158 ar

194 4216 205 4261 1
226 4213 301 4263 Etwa
313 4210 451 4263 «Iohannes
466 4211 586 4273 Quouus,
605 4208 674 4259 oben
691 4225 711 4259 s.
731 4210 790 4271 223,
810 4215 833 4258 a.
847 4211 871 4256 2.
946 4203 1027 4255 auio
1045 4202 1168 4272 Veneris]
1187 4205 1218 4254 19
1228 4200 1277 4254 Jm

119 4297 169 4349 Die
187 4298 306 4351 urkunde
324 4300 359 4350 ist
377 4299 513 4351 euthalteu
534 4299 562 4348 in
581 4303 640 4349 acta
661 4296 824 4362 judiciorum
838 4295 859 4361 j.
881 4296 895 4343 3
914 4292 955 4343 bis
973 4291 992 4341 J
1008 4292 1042 4340 vbt
1060 4290 1225 4355 (wiederholt
1244 4287 1280 4340 hei

120 4384 207 4451 Majus
229 4401 249 4435 s.
269 4388 319 4437 467
339 4386 381 4437 his
399 4390 463 4455 470)
487 4386 541 4452 vgl.
562 4384 691 4436 Reuchliu
716 4401 736 4434 s.
759 4386 819 4434 514.
893 4379 1110 4432 3Vermuthlich
1130 4379 1227 4436 Bsmh.
1242 4376 1282 4434 Ca·

119 4471 228 4544 rursjrsl.
300 4476 317 4528 4
337 4472 389 4529 Eiu
407 4472 525 4525 fritherar
543 4472 613 4526 brief
627 4471 748 4531 Potkeus
765 4471 800 4524 ist
818 4468 893 4528 nicht
912 4465 1039 4522 arhalteu.
