2798 4980
663 336 729 403 207

98 521 352 611 qrrintemiones
384 522 631 610 deposnerunt‚·
650 531 688 591 ut
715 546 861 592 seorsum
891 524 932 593 de
960 526 1094 594 consilio
1117 546 1190 597 meo
1213 549 1277 596 non

97 630 276 699 declarato
299 637 491 698 tractarent.
536 630 579 695 Et
601 631 648 696 ita
672 630 765 697 nobis
788 653 917 717 qnoque
941 632 1078 699 confessi
1103 641 1177 700 sunt
1193 655 1277 700 com-

96 736 251 802 missarii
269 737 406 822 jndices,
430 737 517 822 quod
540 737 574 800 in
597 757 752 820 processu
776 737 839 802 isto
863 737 985 803 nnllam
1008 739 1149 827 viderint
1172 739 1279 804 decla-

95 842 277 923 rationem,
301 841 358 909 sed
382 841 426 907 sit
441 862 612 925 processus
635 863 733 924 super
748 843 834 906 nudo
850 843 993 909 consilio.
1040 843 1118 923 Quis
1135 864 1281 935 unquam¹

94 968 120 1013 a
144 947 243 1012 libris
266 947 437 1030 Augustini
460 946 598 1012 removit
620 947 870 1012 retractationes
902 968 979 1013 suas
1011 954 1110 1034 atque
1135 949 1279 1015 declara-

94 1052 235 1118 tiones?
280 1052 358 1130 Quis
381 1073 402 1118 a
425 1058 534 1133 vetere
557 1053 766 1117 Testamento
790 1073 906 1117 novum
939 1052 1112 1137 deposuit?
1157 1054 1279 1134 Quisa

95 1157 233 1223 Thema
262 1157 301 1223 de
325 1157 453 1242 Aquino
476 1156 671 1241 capreolum
703 1159 908 1242 segregavit?
955 1159 1032 1236 Quis
1062 1159 1095 1223 in
1121 1161 1195 1244 juro
1219 1160 1279 1225 Oo-

94 1263 213 1328 dicem
237 1284 258 1329 a
281 1263 421 1347 Digestis
445 1262 578 1328 exulare
602 1261 699 1328 fecit?
745 1263 823 1341 Quis
855 1283 997 1347 unquam
1022 1263 1278 1331 declarationem

95 1389 120 1433 a
145 1367 319 1435 declarato
341 1369 529 1453 separavit?
551 1374 671 1452 praeter
693 1367 752 1433 hos
775 1367 860 1433 solos
883 1369 1102 1453 theologistas.

195 1473 306 1552 Quare
339 1473 474 1540 obsecro
505 1481 548 1554 te,
581 1479 617 1539 nt
647 1473 716 1538 haec
747 1475 871 1556 scripta
897 1496 973 1540 mea
1002 1476 1130 1560 egregio
1154 1476 1279 1541 doctori

97 1579 300 1647 Sebastiano
323 1580 426 1645 Brant
448 1579 664 1645 communices
689 1584 722 1644 et
744 1580 872 1644 caeteris
896 1579 1092 1647 doctissimis
1117 1582 1194 1647 viris
1211 1589 1279 1646 tam

95 1686 134 1750 in
159 1684 336 1769 theologia,
360 1706 457 1770 quam
478 1685 614 1770 injure,
639 1706 775 1769 oresqne
798 1706 870 1750 meo
887 1684 1032 1765 nomine,
1056 1690 1092 1749 nt
1112 1685 1277 1769 judicent:

103 1791 219 1872 „sitne
237 1790 393 1874 prefatus
416 1812 587 1876 processus
610 1791 680 1875 ipso
699 1791 774 1874 jure
797 1789 914 1869 nullus,
946 1810 986 1855 an
1011 1811 1087 1855 vero
1111 1788 1279 1856 adnullan-

98 1897 210 1963 dus?“
256 1896 381 1962 Deinde
406 1897 493 1981 quod
515 1896 739 1980 theologorum
762 1902 796 1961 et
815 1895 1010 1980 juristarum
1035 1895 1113 1960 erit:
1141 1895 1279 1975 „Utrum

95 2001 238 2068 libellus
261 2007 546 2087 quantumcunque
569 2003 715 2086 ineptus,
737 2008 847 2067 tamen
871 2023 907 2066 re
932 1999 1040 2066 adhuc
1069 2001 1197 2084 integra
1219 2021 1281 2084 per

94 2109 213 2194 ipsum
235 2107 436 2174 libellantem
458 2109 506 2174 ita
528 2107 722 2174 sufficienter
745 2106 947 2187 declaratus,
974 2113 1012 2172 ut
1034 2107 1152 2171 nemini
1175 2105 1280 2191 possit

94 2235 176 2281 esse
200 2214 333 2280 nocivus
358 2219 392 2279 et
415 2212 586 2279 offensivus
610 2220 644 2278 et
666 2214 714 2278 ita
737 2235 800 2278 uno
825 2219 859 2278 et
883 2212 999 2279 eodem
1016 2218 1162 2296 tempore
1179 2219 1278 2297 atque

97 2321 136 2386 in
163 2340 230 2385 uno
254 2319 350 2385 simul
374 2340 508 2402 corpore
533 2317 639 2384 editus
663 2339 701 2383 ac
724 2317 919 2401 publicatus,
941 2318 1045 2403 possit
1068 2318 1200 2403 dejure
1225 2341 1274 2384 se-

95 2425 249 2511 paratim
283 2424 426 2508 discerpi
448 2429 481 2489 ct
503 2428 630 2489 remota
654 2423 872 2489 declaratione
896 2422 1066 2490 sufficienti
1089 2424 1121 2489 in
1146 2424 1271 2510 reliquo

96 2529 195 2599 nudo
232 2537 266 2596 ct
298 2530 437 2613 spoliato
472 2530 626 2595 dentibus
658 2529 796 2595 lacerari
831 2550 869 2594 ac
903 2529 1031 2612 ignibus
1055 2529 1141 2594 tradi
1165 2529 1197 2594 in
1221 2530 1272 2595 sni

97 2635 234 2703 autoris
270 2635 444 2700 maximum
482 2634 703 2720 prejudicium
738 2640 771 2699 et
811 2635 1034 2716 gravissimum
1071 2635 1269 2699 damnuml“

97 2743 176 2808 Has
208 2741 402 2826 quaestiones
437 2741 548 2806 amicis
577 2741 697 2806 nostris
727 2761 787 2824 per
808 2738 936 2804 litteras
966 2739 1106 2822 digneris
1135 2741 1274 2820 mittere,

96 2852 140 2913 ut
166 2867 280 2913 eorum
303 2846 524 2913 conclusiones
547 2868 598 2911 me
621 2868 685 2911 non
709 2846 842 2910 lateant.
883 2843 1027 2910 Obsecro
1050 2865 1109 2927 per
1131 2848 1275 2909 veterem

95 2957 254 3020 nostram
281 2953 466 3016 amicitiam.
513 2952 609 3032 Vale,
640 2974 680 3017 ex
704 2949 908 3033 Stuttgardia
938 2949 971 3012 in
1002 2948 1053 3012 die
1084 2947 1113 3013 S.
1140 2949 1277 3013 Andreae

97 3060 203 3124 Anno
231 3061 325 3122 1513.

736 3145 808 3211 doh.
832 3144 990 3211 Reuchlin
1013 3144 1076 3208 LL.
1101 3144 1233 3208 Doctor.

196 3262 358 3326 Gedruckt:
379 3271 394 3324 1
414 3284 455 3321 =
471 3265 577 3340 Majus‚
594 3265 653 3325 rita
668 3264 820 3324 Reuchlini
835 3281 858 3324 s.
878 3266 941 3323 390
958 3263 1001 3323 bis
1019 3264 1080 3321 397
1101 3259 1122 3318 ¹.

242 3511 247 3523 .
610 3448 777 3517 CLXXVI.

176 3537 339 3608 [stuttgart]
1081 3536 1102 3604 [a
1118 3537 1183 3586 1513
1197 3533 1219 3605 a]
1234 3533 1244 3571 2

94 3630 239 3706 Demm
258 3627 440 3702 fromrnen
458 3626 563 3701 unnd
583 3626 804 3701 eerenfesten
823 3625 976 3701 Maistcr
990 3624 1170 3699 Hannsen
1187 3624 1278 3698 Am·
1330 3676 1339 3689 i

94 3751 300 3847 merbach,
337 3750 584 3825 buchtrucker
622 3777 669 3823 zu
696 3750 805 3824 Bascl
836 3751 973 3824 minem
1006 3761 1118 3848 guten
1151 3746 1280 3819 friindt

537 3873 611 3976 [do.
640 3869 850 3974 Reuchlin].

193 4023 263 4089 Min
286 4024 381 4109 willig
397 4024 504 4090 dienst
520 4044 625 4103 curor,
648 4021 752 4088 lieber
768 4021 903 4086 maister
921 4022 1033 4086 Hanns
1053 4016 1278 4099 Ammerbach,

675 4130 694 4166 a

178 4207 189 4253 l
214 4201 373 4268 Majusgibt
398 4201 473 4252 nieht
492 4217 537 4266 an,
562 4199 650 4252 woher
662 4215 691 4250 er
708 4199 798 4249 diesen
812 4195 882 4247 briei
898 4213 1053 4263 genommen
1071 4198 1125 4248 hat.
1198 4196 1279 4249 alah

94 4300 173 4346 setae
194 4290 247 4340 den
260 4291 425 4341 undatierten
439 4291 510 4341 brief
525 4292 552 4339 in
566 4289 652 4339 dieses
666 4288 736 4351 jahr,
755 4286 807 4336 ond
826 4284 901 4336 nicht
913 4285 1010 4347 friihar,
1029 4285 1088 4336 weil
1101 4285 1159 4336 sich
1178 4287 1205 4335 in
1224 4286 1279 4337 ihm

94 4380 225 4435 offenbar
249 4378 318 4430 noch
345 4379 388 4430 die
414 4383 607 4444 verstimmung
626 4393 658 4426 zu
678 4375 811 4426 erkennen
831 4372 903 4440 gibt,
932 4374 1010 4424 deren
1034 4373 1120 4441 grund
1148 4390 1195 4427 ans
1220 4374 1279 4428 dem

94 4471 184 4525 brieio
205 4483 268 4519 rom
287 4469 317 4518 31
340 4466 408 4535 Aug.
432 4467 498 4518 1512
519 4463 674 4518 ersichtlich
693 4465 736 4515 ist.
774 4464 799 4516 S.
819 4477 843 4514 o.
862 4479 918 4515 nro.
939 4460 1018 4516 CLII.
