<?xml version="1.0" encoding="UTF-8"?>
<!DOCTYPE html PUBLIC "-//W3C//DTD XHTML 1.0 Transitional//EN"
    "http://www.w3.org/TR/xhtml1/DTD/xhtml1-transitional.dtd">
<html xmlns="http://www.w3.org/1999/xhtml" xml:lang="en" lang="en">
 <head>
  <title>
</title>
<meta http-equiv="Content-Type" content="text/html;charset=utf-8" />
  <meta name='ocr-system' content='tesseract 3.04.00' />
  <meta name='ocr-capabilities' content='ocr_page ocr_carea ocr_par ocr_line ocrx_word'/>
</head>
<body>
  <div class='ocr_page' id='page_1' title='image "./johannreuchlins01reucgoog/johannreuchlins01reucgoog_0345.png"; bbox 0 0 2798 4980; ppageno 0'>
   <div class='ocr_carea' id='block_1_1' title="bbox 659 329 723 394">
    <p class='ocr_par' dir='ltr' id='par_1_1' title="bbox 659 329 723 394">
     <span class='ocr_line' id='line_1_1' title="bbox 659 329 723 394; baseline -0.016 0"><span class='ocrx_word' id='word_1_1' title='bbox 659 329 723 394; x_wconf 87' lang='grc'><strong>333</strong></span> 
     </span>
    </p>
   </div>
   <div class='ocr_carea' id='block_1_2' title="bbox 94 511 1291 1440">
    <p class='ocr_par' dir='ltr' id='par_1_2' title="bbox 94 511 1291 1342">
     <span class='ocr_line' id='line_1_2' title="bbox 94 511 1291 604; baseline -0.001 -20"><span class='ocrx_word' id='word_1_2' title='bbox 94 516 287 598; x_wconf 82' lang='lat' dir='ltr'><strong>obtutibus,</strong></span> <span class='ocrx_word' id='word_1_3' title='bbox 310 524 434 604; x_wconf 89' lang='lat' dir='ltr'><strong>quanto</strong></span> <span class='ocrx_word' id='word_1_4' title='bbox 451 516 606 602; x_wconf 89' lang='lat' dir='ltr'><strong>ampliore</strong></span> <span class='ocrx_word' id='word_1_5' title='bbox 624 517 758 584; x_wconf 89' lang='lat' dir='ltr'><strong>fulcitur</strong></span> <span class='ocrx_word' id='word_1_6' title='bbox 781 518 920 602; x_wconf 80' lang='lat' dir='ltr'><strong>Virginis</strong></span> <span class='ocrx_word' id='word_1_7' title='bbox 943 517 996 584; x_wconf 90' lang='lat' dir='ltr'><strong>dei</strong></span> <span class='ocrx_word' id='word_1_8' title='bbox 1011 517 1176 601; x_wconf 78' lang='lat' dir='ltr'><strong>genitricis</strong></span> <span class='ocrx_word' id='word_1_9' title='bbox 1197 511 1291 602; x_wconf 57' lang='lat' dir='ltr'><strong>prae?</strong></span> 
     </span>
     <span class='ocr_line' id='line_1_3' title="bbox 94 621 1280 708; baseline 0.003 -20"><span class='ocrx_word' id='word_1_10' title='bbox 94 623 209 702; x_wconf 82' lang='lat' dir='ltr'><strong>conio,</strong></span> <span class='ocrx_word' id='word_1_11' title='bbox 235 621 327 708; x_wconf 87' lang='lat' dir='ltr'><strong>cujus</strong></span> <span class='ocrx_word' id='word_1_12' title='bbox 351 644 409 707; x_wconf 89' lang='lat' dir='ltr'><strong>ego</strong></span> <span class='ocrx_word' id='word_1_13' title='bbox 444 643 507 687; x_wconf 91' lang='lat' dir='ltr'><strong>non</strong></span> <span class='ocrx_word' id='word_1_14' title='bbox 538 622 690 689; x_wconf 81' lang='lat' dir='ltr'>adulator</span> <span class='ocrx_word' id='word_1_15' title='bbox 712 631 749 690; x_wconf 91' lang='lat' dir='ltr'><strong>ut</strong></span> <span class='ocrx_word' id='word_1_16' title='bbox 771 623 873 708; x_wconf 84' lang='lat' dir='ltr'><strong>aliqui</strong></span> <span class='ocrx_word' id='word_1_17' title='bbox 895 623 1090 708; x_wconf 82' lang='lat' dir='ltr'><strong>nugigeruli,</strong></span> <span class='ocrx_word' id='word_1_18' title='bbox 1122 621 1181 689; x_wconf 90' lang='lat' dir='ltr'><strong>sed</strong></span> <span class='ocrx_word' id='word_1_19' title='bbox 1205 643 1280 691; x_wconf 87' lang='lat' dir='ltr'><strong>rere</strong></span> 
     </span>
     <span class='ocr_line' id='line_1_4' title="bbox 94 727 1275 814; baseline 0.003 -23"><span class='ocrx_word' id='word_1_20' title='bbox 94 727 264 794; x_wconf 86' lang='lat' dir='ltr'><strong>laudator</strong></span> <span class='ocrx_word' id='word_1_21' title='bbox 286 750 358 794; x_wconf 86' lang='lat' dir='ltr'><strong>csse</strong></span> <span class='ocrx_word' id='word_1_22' title='bbox 381 729 486 812; x_wconf 89' lang='lat' dir='ltr'><strong>cupio.</strong></span> <span class='ocrx_word' id='word_1_23' title='bbox 534 727 605 793; x_wconf 83' lang='lat' dir='ltr'><strong>Erit</strong></span> <span class='ocrx_word' id='word_1_24' title='bbox 628 736 738 795; x_wconf 90' lang='lat' dir='ltr'><strong>antem</strong></span> <span class='ocrx_word' id='word_1_25' title='bbox 767 736 841 795; x_wconf 89' lang='lat' dir='ltr'><strong>voto</strong></span> <span class='ocrx_word' id='word_1_26' title='bbox 865 751 937 795; x_wconf 89' lang='lat' dir='ltr'><strong>meo</strong></span> <span class='ocrx_word' id='word_1_27' title='bbox 960 729 1110 814; x_wconf 87' lang='lat' dir='ltr'><strong>quaedam</strong></span> <span class='ocrx_word' id='word_1_28' title='bbox 1132 728 1275 795; x_wconf 80' lang='lat' dir='ltr'><strong>accessio</strong></span> 
     </span>
     <span class='ocr_line' id='line_1_5' title="bbox 94 824 1275 920; baseline 0 -22"><span class='ocrx_word' id='word_1_29' title='bbox 94 824 217 917; x_wconf 74' lang='lat' dir='ltr'><strong>gaudii</strong></span> <span class='ocrx_word' id='word_1_30' title='bbox 243 834 336 918; x_wconf 88' lang='lat' dir='ltr'><strong>louge</strong></span> <span class='ocrx_word' id='word_1_31' title='bbox 370 834 511 913; x_wconf 88' lang='lat' dir='ltr'><strong>maximi,</strong></span> <span class='ocrx_word' id='word_1_32' title='bbox 544 833 572 898; x_wconf 93' lang='lat' dir='ltr'><strong>si</strong></span> <span class='ocrx_word' id='word_1_33' title='bbox 605 855 747 916; x_wconf 88' lang='lat' dir='ltr'><strong>sensero,</strong></span> <span class='ocrx_word' id='word_1_34' title='bbox 769 834 995 901; x_wconf 86' lang='lat' dir='ltr'><strong>munusculum</strong></span> <span class='ocrx_word' id='word_1_35' title='bbox 1018 835 1079 901; x_wconf 91' lang='lat' dir='ltr'><strong>hoo</strong></span> <span class='ocrx_word' id='word_1_36' title='bbox 1101 834 1188 920; x_wconf 89' lang='lat' dir='ltr'><strong>quod</strong></span> <span class='ocrx_word' id='word_1_37' title='bbox 1211 854 1275 899; x_wconf 91' lang='lat' dir='ltr'><strong>non</strong></span> 
     </span>
     <span class='ocr_line' id='line_1_6' title="bbox 94 925 1277 1025; baseline 0.002 -21"><span class='ocrx_word' id='word_1_38' title='bbox 94 939 128 1004; x_wconf 85' lang='lat' dir='ltr'><strong>in</strong></span> <span class='ocrx_word' id='word_1_39' title='bbox 155 938 380 1005; x_wconf 83' lang='lat' dir='ltr'><strong>Kalendarum</strong></span> <span class='ocrx_word' id='word_1_40' title='bbox 405 945 547 1004; x_wconf 88' lang='lat' dir='ltr'><strong>strenam</strong></span> <span class='ocrx_word' id='word_1_41' title='bbox 571 939 628 1004; x_wconf 87' lang='lat' dir='ltr'><strong>sed</strong></span> <span class='ocrx_word' id='word_1_42' title='bbox 651 940 801 1006; x_wconf 83' lang='lat' dir='ltr'><strong>amicitiae</strong></span> <span class='ocrx_word' id='word_1_43' title='bbox 824 941 965 1007; x_wconf 88' lang='lat' dir='ltr'><strong>Xeninm</strong></span> <span class='ocrx_word' id='word_1_44' title='bbox 994 941 1055 1008; x_wconf 86' lang='lat' dir='ltr'><strong>tibi</strong></span> <span class='ocrx_word' id='word_1_45' title='bbox 1077 925 1198 1025; x_wconf 86' lang='lat' dir='ltr'><strong>tuoque</strong></span> <span class='ocrx_word' id='word_1_46' title='bbox 1221 960 1277 1006; x_wconf 90' lang='lat' dir='ltr'><strong>no·</strong></span> 
     </span>
     <span class='ocr_line' id='line_1_7' title="bbox 94 1044 1275 1132; baseline 0.002 -22"><span class='ocrx_word' id='word_1_47' title='bbox 94 1044 183 1110; x_wconf 89' lang='lat' dir='ltr'><strong>mini</strong></span> <span class='ocrx_word' id='word_1_48' title='bbox 209 1044 324 1111; x_wconf 91' lang='lat' dir='ltr'><strong>dedico</strong></span> <span class='ocrx_word' id='word_1_49' title='bbox 348 1044 509 1129; x_wconf 81' lang='lat' dir='ltr'><strong>placuisse</strong></span> <span class='ocrx_word' id='word_1_50' title='bbox 533 1050 570 1109; x_wconf 88' lang='lat' dir='ltr'><strong>ut</strong></span> <span class='ocrx_word' id='word_1_51' title='bbox 598 1045 634 1109; x_wconf 91' lang='lat' dir='ltr'><strong>in·</strong></span> <span class='ocrx_word' id='word_1_52' title='bbox 662 1067 761 1129; x_wconf 86' lang='lat' dir='ltr'><strong>parvo</strong></span> <span class='ocrx_word' id='word_1_53' title='bbox 790 1047 920 1130; x_wconf 89' lang='lat' dir='ltr'><strong>speculo</strong></span> <span class='ocrx_word' id='word_1_54' title='bbox 949 1069 1100 1132; x_wconf 85' lang='lat' dir='ltr'><strong>magnum</strong></span> <span class='ocrx_word' id='word_1_55' title='bbox 1124 1046 1275 1113; x_wconf 86' lang='lat' dir='ltr'><strong>donantis</strong></span> 
     </span>
     <span class='ocr_line' id='line_1_8' title="bbox 94 1148 1275 1234; baseline -0.001 -17"><span class='ocrx_word' id='word_1_56' title='bbox 94 1148 255 1217; x_wconf 77' lang='lat' dir='ltr'><strong>affectum</strong></span> <span class='ocrx_word' id='word_1_57' title='bbox 279 1150 486 1234; x_wconf 83' lang='lat' dir='ltr'><strong>conspiceris.</strong></span> <span class='ocrx_word' id='word_1_58' title='bbox 511 1148 591 1216; x_wconf 87' lang='lat' dir='ltr'><strong>Vale</strong></span> <span class='ocrx_word' id='word_1_59' title='bbox 615 1149 766 1217; x_wconf 89' lang='lat' dir='ltr'><strong>foeliciter</strong></span> <span class='ocrx_word' id='word_1_60' title='bbox 781 1152 831 1217; x_wconf 88' lang='lat' dir='ltr'><strong>Kl.</strong></span> <span class='ocrx_word' id='word_1_61' title='bbox 848 1153 1031 1220; x_wconf 82' lang='lat' dir='ltr'><strong>lanuarias.</strong></span> <span class='ocrx_word' id='word_1_62' title='bbox 1055 1153 1275 1219; x_wconf 73' lang='lat' dir='ltr'><strong>Ann015211</strong></span> 
     </span>
     <span class='ocr_line' id='line_1_9' title="bbox 94 1255 315 1342; baseline -0.014 -19"><span class='ocrx_word' id='word_1_63' title='bbox 94 1255 315 1342; x_wconf 80' lang='lat' dir='ltr'><strong>Stutgardiae.</strong></span> 
     </span>
    </p>

    <p class='ocr_par' dir='ltr' id='par_1_3' title="bbox 204 1363 1276 1440">
     <span class='ocr_line' id='line_1_10' title="bbox 204 1363 1276 1440; baseline 0.004 -16"><span class='ocrx_word' id='word_1_64' title='bbox 204 1364 418 1426; x_wconf 74' lang='lat' dir='ltr'><strong>Gedrnoktzz</strong></span> <span class='ocrx_word' id='word_1_65' title='bbox 428 1366 528 1426; x_wconf 87' lang='lat' dir='ltr'><strong>Sermo</strong></span> <span class='ocrx_word' id='word_1_66' title='bbox 543 1367 640 1426; x_wconf 91' lang='lat' dir='ltr'><strong>Procli</strong></span> <span class='ocrx_word' id='word_1_67' title='bbox 650 1366 781 1440; x_wconf 80' lang='lat' dir='ltr'><strong>Cyziceni</strong></span> <span class='ocrx_word' id='word_1_68' title='bbox 791 1369 836 1429; x_wconf 89' lang='lat' dir='ltr'><strong>ed.</strong></span> <span class='ocrx_word' id='word_1_69' title='bbox 845 1368 985 1429; x_wconf 81' lang='lat' dir='ltr'><strong>Reucblin</strong></span> <span class='ocrx_word' id='word_1_70' title='bbox 994 1386 1019 1428; x_wconf 91' lang='lat' dir='ltr'><strong>o.</strong></span> <span class='ocrx_word' id='word_1_71' title='bbox 1030 1369 1063 1428; x_wconf 91' lang='grc' dir='ltr'><strong>Ο.</strong></span> <span class='ocrx_word' id='word_1_72' title='bbox 1076 1385 1104 1427; x_wconf 87' lang='lat' dir='ltr'><strong>u.</strong></span> <span class='ocrx_word' id='word_1_73' title='bbox 1113 1367 1141 1428; x_wconf 88' lang='lat' dir='ltr'><strong>J.</strong></span> <span class='ocrx_word' id='word_1_74' title='bbox 1159 1363 1193 1427; x_wconf 83' lang='grc' dir='ltr'><strong>4ο</strong></span> <span class='ocrx_word' id='word_1_75' title='bbox 1209 1364 1276 1429; x_wconf 83' lang='grc' dir='ltr'><strong>Α4.</strong></span> 
     </span>
    </p>
   </div>
   <div class='ocr_carea' id='block_1_3' title="bbox 138 1492 1239 1647">
    <p class='ocr_par' dir='ltr' id='par_1_4' title="bbox 138 1492 1239 1647">
     <span class='ocr_line' id='line_1_11' title="bbox 624 1492 761 1561; baseline 0.007 -3"><span class='ocrx_word' id='word_1_76' title='bbox 624 1492 761 1561; x_wconf 80' lang='grc' dir='ltr'><strong>ΟΟΟΙΙΙ.</strong></span> 
     </span>
     <span class='ocr_line' id='line_1_12' title="bbox 138 1580 1239 1647; baseline 0.004 -17"><span class='ocrx_word' id='word_1_77' title='bbox 138 1580 294 1647; x_wconf 70' lang='lat' dir='ltr'><strong>rnnrngen</strong></span> <span class='ocrx_word' id='word_1_78' title='bbox 1028 1589 1058 1634; x_wconf 83' lang='lat' dir='ltr'><strong>re</strong></span> <span class='ocrx_word' id='word_1_79' title='bbox 1078 1583 1140 1635; x_wconf 66' lang='lat' dir='ltr'><strong>ran.</strong></span> <span class='ocrx_word' id='word_1_80' title='bbox 1163 1587 1239 1636; x_wconf 80' lang='lat' dir='ltr'><strong>rear.</strong></span> 
     </span>
    </p>
   </div>
   <div class='ocr_carea' id='block_1_4' title="bbox 94 1669 1275 2017">
    <p class='ocr_par' dir='ltr' id='par_1_5' title="bbox 94 1669 1275 2017">
     <span class='ocr_line' id='line_1_13' title="bbox 94 1669 1275 1765; baseline 0.001 -20"><span class='ocrx_word' id='word_1_81' title='bbox 94 1669 302 1745; x_wconf 83' lang='lat' dir='ltr'><strong>Johannes</strong></span> <span class='ocrx_word' id='word_1_82' title='bbox 327 1669 511 1743; x_wconf 88' lang='lat' dir='ltr'><strong>Reuchlin</strong></span> <span class='ocrx_word' id='word_1_83' title='bbox 535 1669 773 1765; x_wconf 84' lang='lat' dir='ltr'><strong>Phoroensis,</strong></span> <span class='ocrx_word' id='word_1_84' title='bbox 801 1670 935 1745; x_wconf 89' lang='lat' dir='ltr'><strong>artium</strong></span> <span class='ocrx_word' id='word_1_85' title='bbox 961 1671 1169 1746; x_wconf 88' lang='lat' dir='ltr'><strong>liberalium</strong></span> <span class='ocrx_word' id='word_1_86' title='bbox 1195 1696 1275 1746; x_wconf 88' lang='lat' dir='ltr'><strong>ma·</strong></span> 
     </span>
     <span class='ocr_line' id='line_1_14' title="bbox 94 1791 1272 1893; baseline -0.001 -26"><span class='ocrx_word' id='word_1_87' title='bbox 94 1792 218 1893; x_wconf 80' lang='lat' dir='ltr'><strong>gister</strong></span> <span class='ocrx_word' id='word_1_88' title='bbox 243 1803 279 1866; x_wconf 88' lang='lat' dir='ltr'><strong>et</strong></span> <span class='ocrx_word' id='word_1_89' title='bbox 303 1791 550 1892; x_wconf 85' lang='lat' dir='ltr'><strong>imperialium</strong></span> <span class='ocrx_word' id='word_1_90' title='bbox 575 1793 700 1893; x_wconf 82' lang='lat' dir='ltr'><strong>legum</strong></span> <span class='ocrx_word' id='word_1_91' title='bbox 720 1793 859 1890; x_wconf 78' lang='lat' dir='ltr'><strong>doctor,</strong></span> <span class='ocrx_word' id='word_1_92' title='bbox 882 1792 1037 1868; x_wconf 83' lang='lat' dir='ltr'><strong>Thomas</strong></span> <span class='ocrx_word' id='word_1_93' title='bbox 1056 1792 1272 1889; x_wconf 74' lang='lat' dir='ltr'><strong>Anshelmo,</strong></span> 
     </span>
     <span class='ocr_line' id='line_1_15' title="bbox 423 1915 952 2017; baseline 0.002 -29"><span class='ocrx_word' id='word_1_94' title='bbox 423 1916 617 2015; x_wconf 78' lang='lat' dir='ltr'><strong>praestanti</strong></span> <span class='ocrx_word' id='word_1_95' title='bbox 635 1915 789 1990; x_wconf 81' lang='lat' dir='ltr'><strong>librario</strong></span> <span class='ocrx_word' id='word_1_96' title='bbox 809 1942 836 1989; x_wconf 83' lang='lat' dir='ltr'><strong>s.</strong></span> <span class='ocrx_word' id='word_1_97' title='bbox 858 1945 894 2017; x_wconf 93' lang='lat' dir='ltr'><strong>p.</strong></span> <span class='ocrx_word' id='word_1_98' title='bbox 917 1917 952 1990; x_wconf 81' lang='lat' dir='ltr'><strong>d.</strong></span> 
     </span>
    </p>
   </div>
   <div class='ocr_carea' id='block_1_5' title="bbox 94 2062 1275 4052">
    <p class='ocr_par' dir='ltr' id='par_1_6' title="bbox 94 2062 1275 4052">
     <span class='ocr_line' id='line_1_16' title="bbox 197 2062 1273 2150; baseline 0 -22"><span class='ocrx_word' id='word_1_99' title='bbox 197 2062 277 2128; x_wconf 83' lang='lat' dir='ltr'><strong>Cum</strong></span> <span class='ocrx_word' id='word_1_100' title='bbox 303 2085 320 2128; x_wconf 95' lang='lat' dir='ltr'><strong>e</strong></span> <span class='ocrx_word' id='word_1_101' title='bbox 344 2063 495 2147; x_wconf 90' lang='lat' dir='ltr'><strong>Bojorum</strong></span> <span class='ocrx_word' id='word_1_102' title='bbox 520 2062 717 2148; x_wconf 84' lang='lat' dir='ltr'><strong>Angelopoli,</strong></span> <span class='ocrx_word' id='word_1_103' title='bbox 742 2064 876 2150; x_wconf 88' lang='lat' dir='ltr'><strong>antiqua</strong></span> <span class='ocrx_word' id='word_1_104' title='bbox 899 2064 964 2137; x_wconf 87' lang='lat' dir='ltr'><strong>divi</strong></span> <span class='ocrx_word' id='word_1_105' title='bbox 987 2063 1115 2131; x_wconf 84' lang='lat' dir='ltr'><strong>Claudii</strong></span> <span class='ocrx_word' id='word_1_106' title='bbox 1138 2063 1273 2144; x_wconf 88' lang='lat' dir='ltr'><strong>colonia,</strong></span> 
     </span>
     <span class='ocr_line' id='line_1_17' title="bbox 94 2168 1272 2257; baseline -0.002 -20"><span class='ocrx_word' id='word_1_107' title='bbox 94 2189 203 2257; x_wconf 86' lang='lat' dir='ltr'><strong>quam</strong></span> <span class='ocrx_word' id='word_1_108' title='bbox 242 2168 537 2253; x_wconf 87' lang='lat' dir='ltr'><strong>cognoscendarum</strong></span> <span class='ocrx_word' id='word_1_109' title='bbox 580 2168 807 2254; x_wconf 88' lang='lat' dir='ltr'><strong>principalium</strong></span> <span class='ocrx_word' id='word_1_110' title='bbox 846 2168 1027 2254; x_wconf 85' lang='lat' dir='ltr'><strong>linguarum</strong></span> <span class='ocrx_word' id='word_1_111' title='bbox 1071 2168 1272 2235; x_wconf 81' lang='lat' dir='ltr'><strong>documentis</strong></span> 
     </span>
     <span class='ocr_line' id='line_1_18' title="bbox 94 2272 1271 2367; baseline -0.002 -26"><span class='ocrx_word' id='word_1_112' title='bbox 94 2272 235 2360; x_wconf 86' lang='lat' dir='ltr'><strong>publice</strong></span> <span class='ocrx_word' id='word_1_113' title='bbox 258 2272 473 2354; x_wconf 84' lang='lat' dir='ltr'><strong>illustrabam,</strong></span> <span class='ocrx_word' id='word_1_114' title='bbox 497 2275 527 2338; x_wconf 91' lang='lat' dir='ltr'><strong>vi</strong></span> <span class='ocrx_word' id='word_1_115' title='bbox 551 2295 643 2340; x_wconf 80' lang='lat' dir='ltr'><strong>saeva</strong></span> <span class='ocrx_word' id='word_1_116' title='bbox 665 2274 855 2360; x_wconf 88' lang='lat' dir='ltr'><strong>pestilitatis</strong></span> <span class='ocrx_word' id='word_1_117' title='bbox 879 2297 983 2341; x_wconf 85' lang='lat' dir='ltr'><strong>essem</strong></span> <span class='ocrx_word' id='word_1_118' title='bbox 1007 2275 1112 2342; x_wconf 89' lang='lat' dir='ltr'><strong>redire</strong></span> <span class='ocrx_word' id='word_1_119' title='bbox 1129 2280 1271 2367; x_wconf 86' lang='lat' dir='ltr'><strong>coactus,</strong></span> 
     </span>
     <span class='ocr_line' id='line_1_19' title="bbox 94 2379 1275 2472; baseline 0 -27"><span class='ocrx_word' id='word_1_120' title='bbox 94 2379 131 2447; x_wconf 91' lang='lat' dir='ltr'><strong>iu</strong></span> <span class='ocrx_word' id='word_1_121' title='bbox 160 2379 304 2464; x_wconf 90' lang='lat' dir='ltr'><strong>patriam</strong></span> <span class='ocrx_word' id='word_1_122' title='bbox 328 2379 458 2445; x_wconf 87' lang='lat' dir='ltr'><strong>tandem</strong></span> <span class='ocrx_word' id='word_1_123' title='bbox 493 2379 574 2446; x_wconf 89' lang='lat' dir='ltr'><strong>bene</strong></span> <span class='ocrx_word' id='word_1_124' title='bbox 604 2387 769 2465; x_wconf 88' lang='lat' dir='ltr'><strong>pacatam,</strong></span> <span class='ocrx_word' id='word_1_125' title='bbox 802 2381 859 2447; x_wconf 91' lang='lat' dir='ltr'><strong>ubi</strong></span> <span class='ocrx_word' id='word_1_126' title='bbox 876 2383 945 2465; x_wconf 92' lang='lat' dir='ltr'><strong>jam</strong></span> <span class='ocrx_word' id='word_1_127' title='bbox 992 2387 1061 2447; x_wconf 91' lang='lat' dir='ltr'><strong>tum</strong></span> <span class='ocrx_word' id='word_1_128' title='bbox 1085 2379 1275 2472; x_wconf 68' lang='lat' dir='ltr'><strong>seditiosa</strong></span> 
     </span>
     <span class='ocr_line' id='line_1_20' title="bbox 94 2480 1274 2570; baseline 0.003 -20"><span class='ocrx_word' id='word_1_129' title='bbox 94 2505 170 2551; x_wconf 86' lang='lat' dir='ltr'><strong>mes</strong></span> <span class='ocrx_word' id='word_1_130' title='bbox 193 2482 328 2570; x_wconf 91' lang='lat' dir='ltr'><strong>luesque</strong></span> <span class='ocrx_word' id='word_1_131' title='bbox 352 2493 560 2552; x_wconf 85' lang='lat' dir='ltr'><strong>cessaverant</strong></span> <span class='ocrx_word' id='word_1_132' title='bbox 591 2493 625 2552; x_wconf 91' lang='lat' dir='ltr'><strong>et</strong></span> <span class='ocrx_word' id='word_1_133' title='bbox 659 2487 692 2551; x_wconf 93' lang='lat' dir='ltr'><strong>in</strong></span> <span class='ocrx_word' id='word_1_134' title='bbox 723 2509 838 2553; x_wconf 92' lang='lat' dir='ltr'><strong>nomen</strong></span> <span class='ocrx_word' id='word_1_135' title='bbox 867 2487 977 2554; x_wconf 84' lang='lat' dir='ltr'><strong>Caroli</strong></span> <span class='ocrx_word' id='word_1_136' title='bbox 1006 2488 1032 2553; x_wconf 94' lang='lat' dir='ltr'>V</span> <span class='ocrx_word' id='word_1_137' title='bbox 1056 2480 1274 2553; x_wconf 87' lang='lat' dir='ltr'><strong>Romanorum</strong></span> 
     </span>
     <span class='ocr_line' id='line_1_21' title="bbox 94 2590 1273 2677; baseline 0.003 -22"><span class='ocrx_word' id='word_1_138' title='bbox 94 2590 313 2674; x_wconf 81' lang='lat' dir='ltr'><strong>Imperatoris</strong></span> <span class='ocrx_word' id='word_1_139' title='bbox 337 2590 433 2657; x_wconf 89' lang='lat' dir='ltr'><strong>electi</strong></span> <span class='ocrx_word' id='word_1_140' title='bbox 456 2592 604 2677; x_wconf 83' lang='lat' dir='ltr'><strong>juratum</strong></span> <span class='ocrx_word' id='word_1_141' title='bbox 635 2592 752 2673; x_wconf 86' lang='lat' dir='ltr'><strong>fuerat,</strong></span> <span class='ocrx_word' id='word_1_142' title='bbox 782 2592 935 2658; x_wconf 89' lang='lat' dir='ltr'><strong>constitui</strong></span> <span class='ocrx_word' id='word_1_143' title='bbox 969 2614 1095 2658; x_wconf 87' lang='lat' dir='ltr'><strong>mecum</strong></span> <span class='ocrx_word' id='word_1_144' title='bbox 1117 2592 1197 2677; x_wconf 90' lang='lat' dir='ltr'><strong>ipse,</strong></span> <span class='ocrx_word' id='word_1_145' title='bbox 1220 2612 1273 2659; x_wconf 88' lang='lat' dir='ltr'><strong>me</strong></span> 
     </span>
     <span class='ocr_line' id='line_1_22' title="bbox 94 2694 1273 2782; baseline 0.002 -21"><span class='ocrx_word' id='word_1_146' title='bbox 94 2701 131 2769; x_wconf 86' lang='lat' dir='ltr'><strong>et</strong></span> <span class='ocrx_word' id='word_1_147' title='bbox 157 2694 334 2779; x_wconf 84' lang='lat' dir='ltr'><strong>fatigatum</strong></span> <span class='ocrx_word' id='word_1_148' title='bbox 357 2695 533 2776; x_wconf 88' lang='lat' dir='ltr'><strong>laboribus,</strong></span> <span class='ocrx_word' id='word_1_149' title='bbox 563 2702 596 2762; x_wconf 89' lang='lat' dir='ltr'><strong>et</strong></span> <span class='ocrx_word' id='word_1_150' title='bbox 626 2697 718 2764; x_wconf 90' lang='lat' dir='ltr'><strong>annis</strong></span> <span class='ocrx_word' id='word_1_151' title='bbox 742 2697 871 2777; x_wconf 86' lang='lat' dir='ltr'><strong>fessum,</strong></span> <span class='ocrx_word' id='word_1_152' title='bbox 896 2697 983 2782; x_wconf 89' lang='lat' dir='ltr'><strong>quod</strong></span> <span class='ocrx_word' id='word_1_153' title='bbox 1006 2697 1113 2763; x_wconf 87' lang='lat' dir='ltr'><strong>aetatis</strong></span> <span class='ocrx_word' id='word_1_154' title='bbox 1138 2698 1273 2763; x_wconf 87' lang='lat' dir='ltr'><strong>daretur</strong></span> 
     </span>
     <span class='ocr_line' id='line_1_23' title="bbox 94 2800 1272 2889; baseline 0.001 -23"><span class='ocrx_word' id='word_1_155' title='bbox 94 2800 288 2884; x_wconf 80' lang='lat' dir='ltr'><strong>reliquum2</strong></span> <span class='ocrx_word' id='word_1_156' title='bbox 311 2801 344 2867; x_wconf 91' lang='lat' dir='ltr'><strong>id</strong></span> <span class='ocrx_word' id='word_1_157' title='bbox 367 2801 399 2865; x_wconf 93' lang='lat' dir='ltr'><strong>in</strong></span> <span class='ocrx_word' id='word_1_158' title='bbox 425 2801 528 2867; x_wconf 89' lang='lat' dir='ltr'><strong>libera</strong></span> <span class='ocrx_word' id='word_1_159' title='bbox 552 2801 660 2886; x_wconf 89' lang='lat' dir='ltr'><strong>quiete</strong></span> <span class='ocrx_word' id='word_1_160' title='bbox 684 2823 883 2883; x_wconf 88' lang='lat' dir='ltr'><strong>consumere,</strong></span> <span class='ocrx_word' id='word_1_161' title='bbox 907 2823 945 2868; x_wconf 89' lang='lat' dir='ltr'><strong>ac</strong></span> <span class='ocrx_word' id='word_1_162' title='bbox 968 2801 1167 2889; x_wconf 86' lang='lat' dir='ltr'><strong>Epimenidis</strong></span> <span class='ocrx_word' id='word_1_163' title='bbox 1190 2801 1272 2867; x_wconf 83' lang='lat' dir='ltr'><strong>velle</strong></span> 
     </span>
     <span class='ocr_line' id='line_1_24' title="bbox 94 2906 1269 2993; baseline -0.001 -20"><span class='ocrx_word' id='word_1_164' title='bbox 94 2927 247 2973; x_wconf 90' lang='lat' dir='ltr'><strong>somnum</strong></span> <span class='ocrx_word' id='word_1_165' title='bbox 273 2906 423 2973; x_wconf 88' lang='lat' dir='ltr'><strong>dormire.</strong></span> <span class='ocrx_word' id='word_1_166' title='bbox 455 2906 722 2991; x_wconf 85' lang='lat' dir='ltr'><strong>Quandoquidem</strong></span> <span class='ocrx_word' id='word_1_167' title='bbox 751 2908 885 2974; x_wconf 82' lang='lat' dir='ltr'><strong>videbar</strong></span> <span class='ocrx_word' id='word_1_168' title='bbox 908 2907 986 2974; x_wconf 91' lang='lat' dir='ltr'><strong>mihi</strong></span> <span class='ocrx_word' id='word_1_169' title='bbox 1009 2908 1050 2974; x_wconf 91' lang='lat' dir='ltr'><strong>ab</strong></span> <span class='ocrx_word' id='word_1_170' title='bbox 1074 2909 1269 2993; x_wconf 88' lang='lat' dir='ltr'><strong>optimarum</strong></span> 
     </span>
     <span class='ocr_line' id='line_1_25' title="bbox 94 3001 1269 3093; baseline 0.001 -15"><span class='ocrx_word' id='word_1_171' title='bbox 94 3011 323 3079; x_wconf 87' lang='lat' dir='ltr'><strong>doctrinarum</strong></span> <span class='ocrx_word' id='word_1_172' title='bbox 348 3013 513 3093; x_wconf 87' lang='lat' dir='ltr'><strong>osoribne,</strong></span> <span class='ocrx_word' id='word_1_173' title='bbox 545 3012 608 3078; x_wconf 91' lang='lat' dir='ltr'><strong>illis</strong></span> <span class='ocrx_word' id='word_1_174' title='bbox 640 3013 797 3080; x_wconf 88' lang='lat' dir='ltr'><strong>librorum</strong></span> <span class='ocrx_word' id='word_1_175' title='bbox 826 3013 1032 3082; x_wconf 86' lang='lat' dir='ltr'><strong>incendiariis</strong></span> <span class='ocrx_word' id='word_1_176' title='bbox 1061 3036 1101 3079; x_wconf 89' lang='lat' dir='ltr'><strong>ac</strong></span> <span class='ocrx_word' id='word_1_177' title='bbox 1122 3001 1269 3081; x_wconf 89' lang='lat' dir='ltr'><strong>invisori-</strong></span> 
     </span>
     <span class='ocr_line' id='line_1_26' title="bbox 94 3118 1271 3214; baseline 0.002 -30"><span class='ocrx_word' id='word_1_178' title='bbox 94 3119 157 3184; x_wconf 89' lang='lat' dir='ltr'><strong>bus</strong></span> <span class='ocrx_word' id='word_1_179' title='bbox 182 3118 273 3197; x_wconf 91' lang='lat' dir='ltr'><strong>meis,</strong></span> <span class='ocrx_word' id='word_1_180' title='bbox 298 3120 353 3203; x_wconf 90' lang='lat' dir='ltr'><strong>qui</strong></span> <span class='ocrx_word' id='word_1_181' title='bbox 377 3140 501 3184; x_wconf 89' lang='lat' dir='ltr'><strong>omnem</strong></span> <span class='ocrx_word' id='word_1_182' title='bbox 520 3120 766 3205; x_wconf 87' lang='lat' dir='ltr'><strong>exuperantiam</strong></span> <span class='ocrx_word' id='word_1_183' title='bbox 790 3120 919 3186; x_wconf 84' lang='lat' dir='ltr'><strong>virtutis</strong></span> <span class='ocrx_word' id='word_1_184' title='bbox 942 3120 1090 3201; x_wconf 85' lang='lat' dir='ltr'><strong>oderunt,</strong></span> <span class='ocrx_word' id='word_1_185' title='bbox 1114 3120 1195 3186; x_wconf 88' lang='lat' dir='ltr'><strong>satis</strong></span> <span class='ocrx_word' id='word_1_186' title='bbox 1218 3141 1271 3214; x_wconf 63' lang='lat' dir='ltr'><strong>suf</strong></span> 
     </span>
     <span class='ocr_line' id='line_1_27' title="bbox 94 3222 1271 3309; baseline 0.001 -19"><span class='ocrx_word' id='word_1_187' title='bbox 94 3245 221 3309; x_wconf 90' lang='lat' dir='ltr'><strong>perque</strong></span> <span class='ocrx_word' id='word_1_188' title='bbox 245 3223 294 3288; x_wconf 91' lang='lat' dir='ltr'><strong>vel</strong></span> <span class='ocrx_word' id='word_1_189' title='bbox 321 3245 423 3309; x_wconf 87' lang='lat' dir='ltr'><strong>nsque</strong></span> <span class='ocrx_word' id='word_1_190' title='bbox 448 3222 491 3289; x_wconf 90' lang='lat' dir='ltr'><strong>ad</strong></span> <span class='ocrx_word' id='word_1_191' title='bbox 507 3226 639 3291; x_wconf 85' lang='lat' dir='ltr'><strong>taedium</strong></span> <span class='ocrx_word' id='word_1_192' title='bbox 664 3233 696 3291; x_wconf 89' lang='lat' dir='ltr'><strong>et</strong></span> <span class='ocrx_word' id='word_1_193' title='bbox 713 3247 866 3292; x_wconf 86' lang='lat' dir='ltr'><strong>nauseam</strong></span> <span class='ocrx_word' id='word_1_194' title='bbox 883 3233 1017 3293; x_wconf 85' lang='lat' dir='ltr'><strong>vexatus</strong></span> <span class='ocrx_word' id='word_1_195' title='bbox 1042 3233 1075 3292; x_wconf 89' lang='lat' dir='ltr'><strong>et</strong></span> <span class='ocrx_word' id='word_1_196' title='bbox 1097 3226 1139 3293; x_wconf 89' lang='lat' dir='ltr'><strong>ab</strong></span> <span class='ocrx_word' id='word_1_197' title='bbox 1155 3225 1271 3292; x_wconf 90' lang='lat' dir='ltr'><strong>eadem</strong></span> 
     </span>
     <span class='ocr_line' id='line_1_28' title="bbox 94 3327 1269 3419; baseline 0.003 -23"><span class='ocrx_word' id='word_1_198' title='bbox 94 3335 193 3414; x_wconf 86' lang='lat' dir='ltr'><strong>gente</strong></span> <span class='ocrx_word' id='word_1_199' title='bbox 218 3329 415 3408; x_wconf 89' lang='lat' dir='ltr'><strong>Pharisaica,</strong></span> <span class='ocrx_word' id='word_1_200' title='bbox 445 3351 515 3414; x_wconf 86' lang='lat' dir='ltr'><strong>quae</strong></span> <span class='ocrx_word' id='word_1_201' title='bbox 549 3330 594 3413; x_wconf 86' lang='lat' dir='ltr'><strong>(in</strong></span> <span class='ocrx_word' id='word_1_202' title='bbox 625 3332 744 3397; x_wconf 89' lang='lat' dir='ltr'><strong>malam</strong></span> <span class='ocrx_word' id='word_1_203' title='bbox 776 3330 859 3419; x_wconf 88' lang='lat' dir='ltr'><strong>rem)</strong></span> <span class='ocrx_word' id='word_1_204' title='bbox 888 3340 1000 3399; x_wconf 89' lang='lat' dir='ltr'><strong>nostra</strong></span> <span class='ocrx_word' id='word_1_205' title='bbox 1027 3332 1129 3418; x_wconf 91' lang='lat' dir='ltr'><strong>pollet</strong></span> <span class='ocrx_word' id='word_1_206' title='bbox 1162 3327 1269 3415; x_wconf 86' lang='lat' dir='ltr'><strong>aetate,</strong></span> 
     </span>
     <span class='ocr_line' id='line_1_29' title="bbox 94 3435 1269 3525; baseline 0.003 -24"><span class='ocrx_word' id='word_1_207' title='bbox 94 3456 135 3501; x_wconf 88' lang='lat' dir='ltr'><strong>ac</strong></span> <span class='ocrx_word' id='word_1_208' title='bbox 160 3435 270 3500; x_wconf 89' lang='lat' dir='ltr'><strong>omnia</strong></span> <span class='ocrx_word' id='word_1_209' title='bbox 293 3435 418 3520; x_wconf 90' lang='lat' dir='ltr'><strong>polluit,</strong></span> <span class='ocrx_word' id='word_1_210' title='bbox 434 3442 589 3520; x_wconf 88' lang='lat' dir='ltr'><strong>tanquam</strong></span> <span class='ocrx_word' id='word_1_211' title='bbox 605 3437 840 3503; x_wconf 86' lang='lat' dir='ltr'><strong>Hebraicarum</strong></span> <span class='ocrx_word' id='word_1_212' title='bbox 863 3438 1031 3505; x_wconf 89' lang='lat' dir='ltr'><strong>literarum</strong></span> <span class='ocrx_word' id='word_1_213' title='bbox 1048 3444 1269 3525; x_wconf 84' lang='lat' dir='ltr'><strong>protomartyr</strong></span> 
     </span>
     <span class='ocr_line' id='line_1_30' title="bbox 94 3540 1269 3632; baseline 0.003 -26"><span class='ocrx_word' id='word_1_214' title='bbox 94 3540 283 3607; x_wconf 90' lang='lat' dir='ltr'><strong>immolatus</strong></span> <span class='ocrx_word' id='word_1_215' title='bbox 300 3548 415 3621; x_wconf 90' lang='lat' dir='ltr'><strong>tortus,</strong></span> <span class='ocrx_word' id='word_1_216' title='bbox 432 3548 545 3621; x_wconf 87' lang='lat' dir='ltr'><strong>tostus,</strong></span> <span class='ocrx_word' id='word_1_217' title='bbox 562 3542 704 3609; x_wconf 87' lang='lat' dir='ltr'><strong>laniatus</strong></span> <span class='ocrx_word' id='word_1_218' title='bbox 721 3551 753 3609; x_wconf 94' lang='lat' dir='ltr'><strong>et</strong></span> <span class='ocrx_word' id='word_1_219' title='bbox 765 3543 938 3625; x_wconf 90' lang='lat' dir='ltr'><strong>laceratus,</strong></span> <span class='ocrx_word' id='word_1_220' title='bbox 954 3565 1025 3611; x_wconf 90' lang='lat' dir='ltr'><strong>cum</strong></span> <span class='ocrx_word' id='word_1_221' title='bbox 1042 3544 1269 3632; x_wconf 89' lang='lat' dir='ltr'><strong>nonnullorum</strong></span> 
     </span>
     <span class='ocr_line' id='line_1_31' title="bbox 94 3646 1267 3734; baseline 0.002 -22"><span class='ocrx_word' id='word_1_222' title='bbox 94 3646 265 3732; x_wconf 84' lang='lat' dir='ltr'><strong>applausu,</strong></span> <span class='ocrx_word' id='word_1_223' title='bbox 278 3670 359 3731; x_wconf 89' lang='lat' dir='ltr'><strong>quos</strong></span> <span class='ocrx_word' id='word_1_224' title='bbox 368 3647 540 3713; x_wconf 86' lang='lat' dir='ltr'><strong>infelicitas</strong></span> <span class='ocrx_word' id='word_1_225' title='bbox 551 3649 669 3730; x_wconf 85' lang='lat' dir='ltr'><strong>genuit,</strong></span> <span class='ocrx_word' id='word_1_226' title='bbox 683 3649 876 3734; x_wconf 89' lang='lat' dir='ltr'><strong>improbitas</strong></span> <span class='ocrx_word' id='word_1_227' title='bbox 884 3650 973 3729; x_wconf 88' lang='lat' dir='ltr'><strong>aluit,</strong></span> <span class='ocrx_word' id='word_1_228' title='bbox 985 3649 1131 3718; x_wconf 89' lang='lat' dir='ltr'><strong>adulatio</strong></span> <span class='ocrx_word' id='word_1_229' title='bbox 1142 3655 1267 3717; x_wconf 87' lang='lat' dir='ltr'><strong>susten·</strong></span> 
     </span>
     <span class='ocr_line' id='line_1_32' title="bbox 94 3753 1268 3839; baseline 0.001 -21"><span class='ocrx_word' id='word_1_230' title='bbox 94 3753 178 3818; x_wconf 87' lang='lat' dir='ltr'><strong>tavit</strong></span> <span class='ocrx_word' id='word_1_231' title='bbox 192 3760 225 3817; x_wconf 90' lang='lat' dir='ltr'><strong>et</strong></span> <span class='ocrx_word' id='word_1_232' title='bbox 240 3753 378 3818; x_wconf 88' lang='lat' dir='ltr'><strong>avaritia</strong></span> <span class='ocrx_word' id='word_1_233' title='bbox 391 3754 422 3817; x_wconf 94' lang='lat' dir='ltr'><strong>in</strong></span> <span class='ocrx_word' id='word_1_234' title='bbox 436 3753 612 3820; x_wconf 88' lang='lat' dir='ltr'><strong>altissimos</strong></span> <span class='ocrx_word' id='word_1_235' title='bbox 621 3756 769 3838; x_wconf 83' lang='lat' dir='ltr'><strong>provexit</strong></span> <span class='ocrx_word' id='word_1_236' title='bbox 778 3755 910 3838; x_wconf 86' lang='lat' dir='ltr'><strong>gradus.</strong></span> <span class='ocrx_word' id='word_1_237' title='bbox 944 3756 1158 3821; x_wconf 89' lang='lat' dir='ltr'><strong>Decreveram</strong></span> <span class='ocrx_word' id='word_1_238' title='bbox 1168 3754 1268 3839; x_wconf 87' lang='lat' dir='ltr'><strong>igitur</strong></span> 
     </span>
     <span class='ocr_line' id='line_1_33' title="bbox 94 3849 1267 3945; baseline 0.002 -22"><span class='ocrx_word' id='word_1_239' title='bbox 94 3865 188 3923; x_wconf 86' lang='lat' dir='ltr'><strong>extra</strong></span> <span class='ocrx_word' id='word_1_240' title='bbox 205 3857 344 3938; x_wconf 89' lang='lat' dir='ltr'><strong>turbam,</strong></span> <span class='ocrx_word' id='word_1_241' title='bbox 368 3866 554 3944; x_wconf 89' lang='lat' dir='ltr'><strong>contempta</strong></span> <span class='ocrx_word' id='word_1_242' title='bbox 569 3860 781 3944; x_wconf 88' lang='lat' dir='ltr'><strong>plurimorum</strong></span> <span class='ocrx_word' id='word_1_243' title='bbox 799 3849 1056 3940; x_wconf 87' lang='lat' dir='ltr'><strong>conversatione,</strong></span> <span class='ocrx_word' id='word_1_244' title='bbox 1080 3866 1267 3945; x_wconf 89' lang='lat' dir='ltr'><strong>contempta</strong></span> 
     </span>
     <span class='ocr_line' id='line_1_34' title="bbox 94 3963 1267 4052; baseline 0.002 -23"><span class='ocrx_word' id='word_1_245' title='bbox 94 3963 194 4029; x_wconf 86' lang='lat' dir='ltr'><strong>etiam</strong></span> <span class='ocrx_word' id='word_1_246' title='bbox 226 3985 419 4048; x_wconf 90' lang='lat' dir='ltr'><strong>paucorum,</strong></span> <span class='ocrx_word' id='word_1_247' title='bbox 444 3966 510 4031; x_wconf 89' lang='lat' dir='ltr'><strong>otio</strong></span> <span class='ocrx_word' id='word_1_248' title='bbox 542 3987 613 4031; x_wconf 89' lang='lat' dir='ltr'><strong>meo</strong></span> <span class='ocrx_word' id='word_1_249' title='bbox 643 3974 768 4033; x_wconf 88' lang='lat' dir='ltr'><strong>secrete</strong></span> <span class='ocrx_word' id='word_1_250' title='bbox 793 3990 853 4052; x_wconf 92' lang='lat' dir='ltr'><strong>per</strong></span> <span class='ocrx_word' id='word_1_251' title='bbox 880 3966 958 4047; x_wconf 83' lang='lat' dir='ltr'><strong>frui,</strong></span> <span class='ocrx_word' id='word_1_252' title='bbox 988 3988 1052 4052; x_wconf 91' lang='lat' dir='ltr'><strong>quo</strong></span> <span class='ocrx_word' id='word_1_253' title='bbox 1083 3965 1163 4031; x_wconf 92' lang='lat' dir='ltr'><strong>nihil</strong></span> <span class='ocrx_word' id='word_1_254' title='bbox 1195 3984 1267 4031; x_wconf 87' lang='lat' dir='ltr'><strong>esse</strong></span> 
     </span>
    </p>
   </div>
   <div class='ocr_carea' id='block_1_6' title="bbox 94 4067 1267 4512">
    <p class='ocr_par' dir='ltr' id='par_1_7' title="bbox 94 4067 1267 4512">
     <span class='ocr_line' id='line_1_35' title="bbox 94 4067 1265 4156; baseline 0.002 -22"><span class='ocrx_word' id='word_1_255' title='bbox 94 4067 222 4134; x_wconf 86' lang='lat' dir='ltr'><strong>dulcius</strong></span> <span class='ocrx_word' id='word_1_256' title='bbox 246 4069 379 4137; x_wconf 88' lang='lat' dir='ltr'><strong>literato</strong></span> <span class='ocrx_word' id='word_1_257' title='bbox 408 4069 495 4136; x_wconf 84' lang='lat' dir='ltr'><strong>duxi.</strong></span> <span class='ocrx_word' id='word_1_258' title='bbox 542 4072 584 4136; x_wconf 83' lang='lat' dir='ltr'><strong>Et</strong></span> <span class='ocrx_word' id='word_1_259' title='bbox 607 4079 755 4156; x_wconf 88' lang='lat' dir='ltr'><strong>poteram</strong></span> <span class='ocrx_word' id='word_1_260' title='bbox 783 4079 851 4138; x_wconf 93' lang='lat' dir='ltr'><strong>tum</strong></span> <span class='ocrx_word' id='word_1_261' title='bbox 874 4072 908 4138; x_wconf 93' lang='lat' dir='ltr'><strong>id</strong></span> <span class='ocrx_word' id='word_1_262' title='bbox 936 4072 1066 4156; x_wconf 91' lang='lat' dir='ltr'><strong>quidem</strong></span> <span class='ocrx_word' id='word_1_263' title='bbox 1090 4070 1265 4137; x_wconf 89' lang='lat' dir='ltr'><strong>liberrime.</strong></span> 
     </span>
     <span class='ocr_line' id='line_1_36' title="bbox 672 4177 689 4216; baseline 0 0"><span class='ocrx_word' id='word_1_264' title='bbox 672 4177 689 4216; x_wconf 67' lang='lat' dir='ltr'><strong>ek</strong></span> 
     </span>
     <span class='ocr_line' id='line_1_37' title="bbox 167 4263 1264 4335; baseline 0.004 -21"><span class='ocrx_word' id='word_1_265' title='bbox 167 4268 177 4314; x_wconf 84' lang='lat'>1</span> <span class='ocrx_word' id='word_1_266' title='bbox 203 4263 270 4315; x_wconf 74' lang='lat' dir='ltr'><strong>[lass</strong></span> <span class='ocrx_word' id='word_1_267' title='bbox 285 4263 342 4314; x_wconf 88' lang='lat' dir='ltr'><strong>dies</strong></span> <span class='ocrx_word' id='word_1_268' title='bbox 356 4265 401 4316; x_wconf 85' lang='lat' dir='ltr'><strong>der</strong></span> <span class='ocrx_word' id='word_1_269' title='bbox 415 4268 446 4315; x_wconf 78' lang='grc'><strong>25</strong></span> <span class='ocrx_word' id='word_1_270' title='bbox 462 4267 524 4317; x_wconf 83' lang='lat' dir='ltr'><strong>Dec.</strong></span> <span class='ocrx_word' id='word_1_271' title='bbox 544 4269 606 4317; x_wconf 75' lang='lat'>1521</span> <span class='ocrx_word' id='word_1_272' title='bbox 622 4269 678 4317; x_wconf 88' lang='lat' dir='ltr'><strong>sein</strong></span> <span class='ocrx_word' id='word_1_273' title='bbox 693 4284 772 4330; x_wconf 84' lang='lat' dir='ltr'><strong>muse,</strong></span> <span class='ocrx_word' id='word_1_274' title='bbox 786 4269 821 4317; x_wconf 87' lang='lat' dir='ltr'><strong>ist</strong></span> <span class='ocrx_word' id='word_1_275' title='bbox 833 4267 906 4335; x_wconf 79' lang='lat' dir='ltr'><strong>klar;</strong></span> <span class='ocrx_word' id='word_1_276' title='bbox 930 4272 995 4321; x_wconf 81' lang='lat'>1520</span> <span class='ocrx_word' id='word_1_277' title='bbox 1011 4284 1063 4318; x_wconf 82' lang='lat' dir='ltr'><strong>war</strong></span> <span class='ocrx_word' id='word_1_278' title='bbox 1076 4266 1205 4319; x_wconf 85' lang='lat' dir='ltr'><strong>Rencblin</strong></span> <span class='ocrx_word' id='word_1_279' title='bbox 1219 4283 1264 4318; x_wconf 90' lang='lat' dir='ltr'><strong>um</strong></span> 
     </span>
     <span class='ocr_line' id='line_1_38' title="bbox 94 4353 1267 4422; baseline 0.004 -20"><span class='ocrx_word' id='word_1_280' title='bbox 94 4353 164 4403; x_wconf 79' lang='lat' dir='ltr'><strong>dicae</strong></span> <span class='ocrx_word' id='word_1_281' title='bbox 184 4353 236 4404; x_wconf 81' lang='lat' dir='ltr'><strong>ecit</strong></span> <span class='ocrx_word' id='word_1_282' title='bbox 254 4353 325 4405; x_wconf 82' lang='lat' dir='ltr'><strong>noch</strong></span> <span class='ocrx_word' id='word_1_283' title='bbox 347 4354 375 4403; x_wconf 93' lang='lat' dir='ltr'><strong>in</strong></span> <span class='ocrx_word' id='word_1_284' title='bbox 392 4353 547 4422; x_wconf 83' lang='lat' dir='ltr'><strong>Iogolstadt.</strong></span> <span class='ocrx_word' id='word_1_285' title='bbox 585 4356 639 4407; x_wconf 87' lang='lat' dir='ltr'><strong>Der</strong></span> <span class='ocrx_word' id='word_1_286' title='bbox 665 4355 813 4408; x_wconf 79' lang='lat' dir='ltr'><strong>arrienrbnlt</strong></span> <span class='ocrx_word' id='word_1_287' title='bbox 831 4356 858 4406; x_wconf 92' lang='lat' dir='ltr'><strong>in</strong></span> <span class='ocrx_word' id='word_1_288' title='bbox 880 4356 1011 4422; x_wconf 73' lang='lat' dir='ltr'><strong>stuttgart</strong></span> <span class='ocrx_word' id='word_1_289' title='bbox 1030 4357 1064 4408; x_wconf 89' lang='lat' dir='ltr'><strong>ist</strong></span> <span class='ocrx_word' id='word_1_290' title='bbox 1084 4355 1134 4410; x_wconf 84' lang='lat' dir='ltr'><strong>wol</strong></span> <span class='ocrx_word' id='word_1_291' title='bbox 1154 4371 1203 4413; x_wconf 83' lang='lat' dir='ltr'><strong>nur</strong></span> <span class='ocrx_word' id='word_1_292' title='bbox 1223 4354 1267 4410; x_wconf 86' lang='lat' dir='ltr'><strong>cin</strong></span> 
     </span>
     <span class='ocr_line' id='line_1_39' title="bbox 94 4441 959 4512; baseline 0.006 -18"><span class='ocrx_word' id='word_1_293' title='bbox 94 4441 300 4509; x_wconf 80' lang='lat' dir='ltr'><strong>gelegentlisher</strong></span> <span class='ocrx_word' id='word_1_294' title='bbox 329 4458 379 4493; x_wconf 89' lang='lat' dir='ltr'><strong>von</strong></span> <span class='ocrx_word' id='word_1_295' title='bbox 410 4443 551 4509; x_wconf 75' lang='lat' dir='ltr'><strong>&#39;itihingen</strong></span> <span class='ocrx_word' id='word_1_296' title='bbox 584 4459 639 4496; x_wconf 87' lang='lat' dir='ltr'><strong>aus.</strong></span> <span class='ocrx_word' id='word_1_297' title='bbox 723 4450 736 4495; x_wconf 86' lang='lat'><strong><em>2</em></strong></span> <span class='ocrx_word' id='word_1_298' title='bbox 765 4444 915 4512; x_wconf 84' lang='lat' dir='ltr'><strong>Reliquium</strong></span> <span class='ocrx_word' id='word_1_299' title='bbox 937 4449 959 4503; x_wconf 80' lang='lat'><strong>1.</strong></span> 
     </span>
    </p>
   </div>
   <div class='ocr_carea' id='block_1_7' title="bbox 0 0 1404 4980">
    <p class='ocr_par' dir='ltr' id='par_1_8' title="bbox 0 0 1404 4980">
     <span class='ocr_line' id='line_1_40' title="bbox 0 0 1404 4980; baseline 0 0"><span class='ocrx_word' id='word_1_300' title='bbox 0 0 1404 4980; x_wconf 95' lang='lat' dir='ltr'><strong> </strong></span> 
     </span>
    </p>
   </div>
  </div>
 </body>
</html>
