<?xml version="1.0" encoding="UTF-8"?>
<!DOCTYPE html PUBLIC "-//W3C//DTD XHTML 1.0 Transitional//EN"
    "http://www.w3.org/TR/xhtml1/DTD/xhtml1-transitional.dtd">
<html xmlns="http://www.w3.org/1999/xhtml" xml:lang="en" lang="en">
 <head>
  <title>
</title>
<meta http-equiv="Content-Type" content="text/html;charset=utf-8" />
  <meta name='ocr-system' content='tesseract 3.04.00' />
  <meta name='ocr-capabilities' content='ocr_page ocr_carea ocr_par ocr_line ocrx_word'/>
</head>
<body>
  <div class='ocr_page' id='page_1' title='image "./johannreuchlins01reucgoog/johannreuchlins01reucgoog_0163.png"; bbox 0 0 2798 4980; ppageno 0'>
   <div class='ocr_carea' id='block_1_1' title="bbox 667 285 729 351">
    <p class='ocr_par' dir='ltr' id='par_1_1' title="bbox 667 285 729 351">
     <span class='ocr_line' id='line_1_1' title="bbox 667 285 729 351; baseline -0.016 0"><span class='ocrx_word' id='word_1_1' title='bbox 667 285 729 351; x_wconf 81' lang='lat'>151</span> 
     </span>
    </p>
   </div>
   <div class='ocr_carea' id='block_1_2' title="bbox 111 472 1283 985">
    <p class='ocr_par' dir='ltr' id='par_1_2' title="bbox 111 472 1283 985">
     <span class='ocr_line' id='line_1_2' title="bbox 112 472 1283 562; baseline 0.011 -24"><span class='ocrx_word' id='word_1_2' title='bbox 112 472 210 539; x_wconf 90' lang='lat' dir='ltr'>simul</span> <span class='ocrx_word' id='word_1_3' title='bbox 233 477 268 540; x_wconf 88' lang='lat' dir='ltr'>et</span> <span class='ocrx_word' id='word_1_4' title='bbox 289 474 509 542; x_wconf 86' lang='lat' dir='ltr'>amantissime</span> <span class='ocrx_word' id='word_1_5' title='bbox 537 496 603 543; x_wconf 90' lang='lat' dir='ltr'>una</span> <span class='ocrx_word' id='word_1_6' title='bbox 625 496 697 543; x_wconf 88' lang='lat' dir='ltr'>cum</span> <span class='ocrx_word' id='word_1_7' title='bbox 727 476 877 562; x_wconf 85' lang='lat' dir='ltr'>apologia</span> <span class='ocrx_word' id='word_1_8' title='bbox 907 483 966 546; x_wconf 85' lang='lat' dir='ltr'>tua</span> <span class='ocrx_word' id='word_1_9' title='bbox 989 485 1106 547; x_wconf 88' lang='lat' dir='ltr'>contra</span> <span class='ocrx_word' id='word_1_10' title='bbox 1134 480 1283 551; x_wconf 83' lang='lat' dir='ltr'>Judaeum</span> 
     </span>
     <span class='ocr_line' id='line_1_3' title="bbox 114 577 1283 674; baseline 0.01 -30"><span class='ocrx_word' id='word_1_11' title='bbox 114 577 314 663; x_wconf 84' lang='lat' dir='ltr'>baptizatum</span> <span class='ocrx_word' id='word_1_12' title='bbox 349 579 650 664; x_wconf 86' lang='lat' dir='ltr'>Capniomastieem.</span> <span class='ocrx_word' id='word_1_13' title='bbox 696 581 827 651; x_wconf 80' lang='lat' dir='ltr'>Gratias</span> <span class='ocrx_word' id='word_1_14' title='bbox 859 583 920 650; x_wconf 91' lang='lat' dir='ltr'>tibi</span> <span class='ocrx_word' id='word_1_15' title='bbox 951 589 985 650; x_wconf 89' lang='lat' dir='ltr'>et</span> <span class='ocrx_word' id='word_1_16' title='bbox 1013 583 1121 652; x_wconf 82' lang='lat' dir='ltr'>babeo</span> <span class='ocrx_word' id='word_1_17' title='bbox 1156 593 1191 654; x_wconf 89' lang='lat' dir='ltr'>et</span> <span class='ocrx_word' id='word_1_18' title='bbox 1221 599 1283 674; x_wconf 82' lang='lat' dir='ltr'>ago</span> 
     </span>
     <span class='ocr_line' id='line_1_4' title="bbox 113 683 1281 773; baseline 0.009 -24"><span class='ocrx_word' id='word_1_19' title='bbox 113 683 313 750; x_wconf 88' lang='lat' dir='ltr'>immortales</span> <span class='ocrx_word' id='word_1_20' title='bbox 336 690 378 758; x_wconf 54' lang='lat' dir='ltr'>,et</span> <span class='ocrx_word' id='word_1_21' title='bbox 403 707 463 768; x_wconf 91' lang='lat' dir='ltr'>pro</span> <span class='ocrx_word' id='word_1_22' title='bbox 485 685 595 753; x_wconf 89' lang='lat' dir='ltr'>libello</span> <span class='ocrx_word' id='word_1_23' title='bbox 625 687 705 753; x_wconf 93' lang='lat' dir='ltr'>mihi</span> <span class='ocrx_word' id='word_1_24' title='bbox 726 688 824 754; x_wconf 90' lang='lat' dir='ltr'>misso</span> <span class='ocrx_word' id='word_1_25' title='bbox 848 694 882 753; x_wconf 91' lang='lat' dir='ltr'>et</span> <span class='ocrx_word' id='word_1_26' title='bbox 903 708 963 773; x_wconf 90' lang='lat' dir='ltr'>pro</span> <span class='ocrx_word' id='word_1_27' title='bbox 987 688 1159 773; x_wconf 78' lang='lat' dir='ltr'>signaculis</span> <span class='ocrx_word' id='word_1_28' title='bbox 1182 690 1281 759; x_wconf 84' lang='lat' dir='ltr'>adno-</span> 
     </span>
     <span class='ocr_line' id='line_1_5' title="bbox 113 785 1283 880; baseline 0.009 -26"><span class='ocrx_word' id='word_1_29' title='bbox 113 789 199 855; x_wconf 88' lang='lat' dir='ltr'>tatis.</span> <span class='ocrx_word' id='word_1_30' title='bbox 251 791 294 856; x_wconf 86' lang='lat' dir='ltr'>Et</span> <span class='ocrx_word' id='word_1_31' title='bbox 325 785 400 856; x_wconf 76' lang='lat' dir='ltr'>iere</span> <span class='ocrx_word' id='word_1_32' title='bbox 428 790 564 858; x_wconf 80' lang='lat' dir='ltr'>dixerim</span> <span class='ocrx_word' id='word_1_33' title='bbox 594 792 767 876; x_wconf 87' lang='lat' dir='ltr'>signacula.</span> <span class='ocrx_word' id='word_1_34' title='bbox 819 792 902 860; x_wconf 87' lang='lat' dir='ltr'>Sunt</span> <span class='ocrx_word' id='word_1_35' title='bbox 930 791 1016 859; x_wconf 91' lang='lat' dir='ltr'>enim</span> <span class='ocrx_word' id='word_1_36' title='bbox 1045 793 1125 860; x_wconf 92' lang='lat' dir='ltr'>mihi</span> <span class='ocrx_word' id='word_1_37' title='bbox 1155 796 1283 880; x_wconf 86' lang='lat' dir='ltr'>signata</span> 
     </span>
     <span class='ocr_line' id='line_1_6' title="bbox 111 894 1282 985; baseline 0.009 -26"><span class='ocrx_word' id='word_1_38' title='bbox 111 915 246 978; x_wconf 87' lang='lat' dir='ltr'>prorsus</span> <span class='ocrx_word' id='word_1_39' title='bbox 274 894 464 962; x_wconf 89' lang='lat' dir='ltr'>abscondita</span> <span class='ocrx_word' id='word_1_40' title='bbox 500 902 534 962; x_wconf 91' lang='lat' dir='ltr'>et</span> <span class='ocrx_word' id='word_1_41' title='bbox 565 896 726 964; x_wconf 84' lang='lat' dir='ltr'>abstrusa</span> <span class='ocrx_word' id='word_1_42' title='bbox 775 896 936 964; x_wconf 87' lang='lat' dir='ltr'>Laboravi</span> <span class='ocrx_word' id='word_1_43' title='bbox 962 897 1099 964; x_wconf 90' lang='lat' dir='ltr'>multum</span> <span class='ocrx_word' id='word_1_44' title='bbox 1133 922 1282 985; x_wconf 80' lang='lat' dir='ltr'>quarens</span> 
     </span>
    </p>
   </div>
   <div class='ocr_carea' id='block_1_3' title="bbox 100 999 1281 2873">
    <p class='ocr_par' dir='ltr' id='par_1_3' title="bbox 100 999 1281 2873">
     <span class='ocr_line' id='line_1_7' title="bbox 111 999 1281 1087; baseline 0.005 -20"><span class='ocrx_word' id='word_1_45' title='bbox 111 1007 144 1067; x_wconf 90' lang='lat' dir='ltr'>et</span> <span class='ocrx_word' id='word_1_46' title='bbox 172 1000 300 1084; x_wconf 89' lang='lat' dir='ltr'>legens,</span> <span class='ocrx_word' id='word_1_47' title='bbox 329 1006 363 1066; x_wconf 88' lang='lat' dir='ltr'>et</span> <span class='ocrx_word' id='word_1_48' title='bbox 390 999 465 1067; x_wconf 90' lang='lat' dir='ltr'>ideo</span> <span class='ocrx_word' id='word_1_49' title='bbox 495 1001 625 1087; x_wconf 90' lang='lat' dir='ltr'>quidem</span> <span class='ocrx_word' id='word_1_50' title='bbox 655 1001 811 1068; x_wconf 90' lang='lat' dir='ltr'>hactenus</span> <span class='ocrx_word' id='word_1_51' title='bbox 839 1002 881 1069; x_wconf 90' lang='lat' dir='ltr'>ad</span> <span class='ocrx_word' id='word_1_52' title='bbox 914 1007 947 1068; x_wconf 90' lang='lat' dir='ltr'>te</span> <span class='ocrx_word' id='word_1_53' title='bbox 971 1001 1114 1070; x_wconf 90' lang='lat' dir='ltr'>scribere</span> <span class='ocrx_word' id='word_1_54' title='bbox 1136 1013 1281 1075; x_wconf 86' lang='lat' dir='ltr'>moratus</span> 
     </span>
     <span class='ocr_line' id='line_1_8' title="bbox 108 1104 1279 1193; baseline 0.004 -22"><span class='ocrx_word' id='word_1_55' title='bbox 108 1127 197 1186; x_wconf 91' lang='lat' dir='ltr'>sum,</span> <span class='ocrx_word' id='word_1_56' title='bbox 233 1104 290 1172; x_wconf 90' lang='lat' dir='ltr'>sed</span> <span class='ocrx_word' id='word_1_57' title='bbox 318 1106 371 1170; x_wconf 83' lang='lat' dir='ltr'>vix</span> <span class='ocrx_word' id='word_1_58' title='bbox 400 1127 498 1172; x_wconf 92' lang='lat' dir='ltr'>unum</span> <span class='ocrx_word' id='word_1_59' title='bbox 526 1112 584 1173; x_wconf 89' lang='lat' dir='ltr'>aut</span> <span class='ocrx_word' id='word_1_60' title='bbox 615 1106 754 1172; x_wconf 89' lang='lat' dir='ltr'>alterum</span> <span class='ocrx_word' id='word_1_61' title='bbox 784 1107 912 1192; x_wconf 87' lang='lat' dir='ltr'>aperire</span> <span class='ocrx_word' id='word_1_62' title='bbox 945 1107 1037 1193; x_wconf 91' lang='lat' dir='ltr'>potui</span> <span class='ocrx_word' id='word_1_63' title='bbox 1070 1109 1279 1192; x_wconf 79' lang='lat' dir='ltr'>signaculum,</span> 
     </span>
     <span class='ocr_line' id='line_1_9' title="bbox 107 1209 1279 1287; baseline 0.003 -10"><span class='ocrx_word' id='word_1_64' title='bbox 107 1209 206 1277; x_wconf 81' lang='lat' dir='ltr'>labor</span> <span class='ocrx_word' id='word_1_65' title='bbox 233 1216 343 1276; x_wconf 92' lang='lat' dir='ltr'>tamen</span> <span class='ocrx_word' id='word_1_66' title='bbox 370 1211 432 1276; x_wconf 88' lang='lat' dir='ltr'>iste</span> <span class='ocrx_word' id='word_1_67' title='bbox 463 1231 527 1276; x_wconf 91' lang='lat' dir='ltr'>non</span> <span class='ocrx_word' id='word_1_68' title='bbox 554 1210 700 1287; x_wconf 86' lang='lat' dir='ltr'>taedium,</span> <span class='ocrx_word' id='word_1_69' title='bbox 734 1211 792 1277; x_wconf 92' lang='lat' dir='ltr'>sed</span> <span class='ocrx_word' id='word_1_70' title='bbox 820 1213 1010 1279; x_wconf 86' lang='lat' dir='ltr'>aviditatem</span> <span class='ocrx_word' id='word_1_71' title='bbox 1032 1213 1178 1279; x_wconf 80' lang='lat' dir='ltr'>incussit.</span> <span class='ocrx_word' id='word_1_72' title='bbox 1223 1213 1279 1280; x_wconf 87' lang='lat' dir='ltr'>Fit</span> 
     </span>
     <span class='ocr_line' id='line_1_10' title="bbox 105 1315 1280 1402; baseline 0.004 -20"><span class='ocrx_word' id='word_1_73' title='bbox 105 1315 196 1382; x_wconf 84' lang='lat' dir='ltr'>enim</span> <span class='ocrx_word' id='word_1_74' title='bbox 231 1315 441 1401; x_wconf 89' lang='lat' dir='ltr'>plerumque,</span> <span class='ocrx_word' id='word_1_75' title='bbox 474 1323 512 1382; x_wconf 86' lang='lat' dir='ltr'>nt</span> <span class='ocrx_word' id='word_1_76' title='bbox 547 1316 635 1402; x_wconf 90' lang='lat' dir='ltr'>qnod</span> <span class='ocrx_word' id='word_1_77' title='bbox 668 1315 862 1395; x_wconf 87' lang='lat' dir='ltr'>laboriosius</span> <span class='ocrx_word' id='word_1_78' title='bbox 892 1316 1087 1402; x_wconf 88' lang='lat' dir='ltr'>acquiritur,</span> <span class='ocrx_word' id='word_1_79' title='bbox 1119 1318 1154 1384; x_wconf 91' lang='lat' dir='ltr'>id</span> <span class='ocrx_word' id='word_1_80' title='bbox 1182 1319 1280 1387; x_wconf 85' lang='lat' dir='ltr'>etiam</span> 
     </span>
     <span class='ocr_line' id='line_1_11' title="bbox 104 1420 1281 1508; baseline 0.003 -21"><span class='ocrx_word' id='word_1_81' title='bbox 104 1421 243 1487; x_wconf 90' lang='lat' dir='ltr'>charius</span> <span class='ocrx_word' id='word_1_82' title='bbox 266 1420 442 1503; x_wconf 81' lang='lat' dir='ltr'>habeatur,</span> <span class='ocrx_word' id='word_1_83' title='bbox 471 1427 506 1488; x_wconf 90' lang='lat' dir='ltr'>et</span> <span class='ocrx_word' id='word_1_84' title='bbox 528 1422 616 1507; x_wconf 90' lang='lat' dir='ltr'>quod</span> <span class='ocrx_word' id='word_1_85' title='bbox 638 1422 764 1506; x_wconf 91' lang='lat' dir='ltr'>longius</span> <span class='ocrx_word' id='word_1_86' title='bbox 788 1421 946 1504; x_wconf 84' lang='lat' dir='ltr'>differtur,</span> <span class='ocrx_word' id='word_1_87' title='bbox 970 1420 1102 1488; x_wconf 91' lang='lat' dir='ltr'>tandem</span> <span class='ocrx_word' id='word_1_88' title='bbox 1126 1423 1281 1508; x_wconf 83' lang='lat' dir='ltr'>adeptum</span> 
     </span>
     <span class='ocr_line' id='line_1_12' title="bbox 101 1525 1278 1613; baseline 0 -20"><span class='ocrx_word' id='word_1_89' title='bbox 101 1532 270 1611; x_wconf 87' lang='lat' dir='ltr'>appareat</span> <span class='ocrx_word' id='word_1_90' title='bbox 292 1525 426 1593; x_wconf 88' lang='lat' dir='ltr'>dulcius.</span> <span class='ocrx_word' id='word_1_91' title='bbox 471 1527 593 1595; x_wconf 86' lang='lat' dir='ltr'>Facilia</span> <span class='ocrx_word' id='word_1_92' title='bbox 615 1528 699 1594; x_wconf 91' lang='lat' dir='ltr'>enim</span> <span class='ocrx_word' id='word_1_93' title='bbox 723 1548 933 1613; x_wconf 81' lang='lat' dir='ltr'>quacumque</span> <span class='ocrx_word' id='word_1_94' title='bbox 954 1529 1133 1595; x_wconf 91' lang='lat' dir='ltr'>contemtui</span> <span class='ocrx_word' id='word_1_95' title='bbox 1155 1534 1278 1613; x_wconf 89' lang='lat' dir='ltr'>patent.</span> 
     </span>
     <span class='ocr_line' id='line_1_13' title="bbox 102 1631 1281 1718; baseline 0.001 -20"><span class='ocrx_word' id='word_1_96' title='bbox 102 1633 251 1698; x_wconf 86' lang='lat' dir='ltr'>Tantum</span> <span class='ocrx_word' id='word_1_97' title='bbox 279 1632 391 1716; x_wconf 90' lang='lat' dir='ltr'>itaque</span> <span class='ocrx_word' id='word_1_98' title='bbox 419 1632 590 1700; x_wconf 85' lang='lat' dir='ltr'>inardesco</span> <span class='ocrx_word' id='word_1_99' title='bbox 620 1631 663 1699; x_wconf 89' lang='lat' dir='ltr'>ad</span> <span class='ocrx_word' id='word_1_100' title='bbox 689 1633 927 1717; x_wconf 82' lang='lat' dir='ltr'>signaculorum</span> <span class='ocrx_word' id='word_1_101' title='bbox 957 1633 1217 1718; x_wconf 77' lang='lat' dir='ltr'>resignationem,</span> <span class='ocrx_word' id='word_1_102' title='bbox 1240 1637 1281 1699; x_wconf 87' lang='lat' dir='ltr'>ut</span> 
     </span>
     <span class='ocr_line' id='line_1_14' title="bbox 100 1737 1280 1824; baseline -0.002 -22"><span class='ocrx_word' id='word_1_103' title='bbox 100 1737 213 1822; x_wconf 87' lang='lat' dir='ltr'>magis</span> <span class='ocrx_word' id='word_1_104' title='bbox 237 1757 301 1802; x_wconf 92' lang='lat' dir='ltr'>non</span> <span class='ocrx_word' id='word_1_105' title='bbox 323 1737 455 1821; x_wconf 89' lang='lat' dir='ltr'>possim.</span> <span class='ocrx_word' id='word_1_106' title='bbox 501 1738 565 1804; x_wconf 88' lang='lat' dir='ltr'>Sed</span> <span class='ocrx_word' id='word_1_107' title='bbox 586 1759 646 1804; x_wconf 88' lang='lat' dir='ltr'>nec</span> <span class='ocrx_word' id='word_1_108' title='bbox 669 1756 813 1824; x_wconf 88' lang='lat' dir='ltr'>unquam</span> <span class='ocrx_word' id='word_1_109' title='bbox 836 1759 908 1804; x_wconf 87' lang='lat' dir='ltr'>meo</span> <span class='ocrx_word' id='word_1_110' title='bbox 931 1738 965 1804; x_wconf 90' lang='lat' dir='ltr'>id</span> <span class='ocrx_word' id='word_1_111' title='bbox 987 1737 1095 1804; x_wconf 90' lang='lat' dir='ltr'>studio</span> <span class='ocrx_word' id='word_1_112' title='bbox 1125 1737 1280 1822; x_wconf 89' lang='lat' dir='ltr'>consequi</span> 
     </span>
     <span class='ocr_line' id='line_1_15' title="bbox 100 1841 1279 1927; baseline -0.001 -19"><span class='ocrx_word' id='word_1_113' title='bbox 100 1863 206 1927; x_wconf 89' lang='lat' dir='ltr'>posse</span> <span class='ocrx_word' id='word_1_114' title='bbox 233 1842 440 1926; x_wconf 89' lang='lat' dir='ltr'>speraverim.</span> <span class='ocrx_word' id='word_1_115' title='bbox 485 1842 572 1921; x_wconf 84' lang='lat' dir='ltr'>Quid</span> <span class='ocrx_word' id='word_1_116' title='bbox 594 1864 670 1926; x_wconf 85' lang='lat' dir='ltr'>ergo</span> <span class='ocrx_word' id='word_1_117' title='bbox 694 1841 835 1909; x_wconf 83' lang='lat' dir='ltr'>faciam?</span> <span class='ocrx_word' id='word_1_118' title='bbox 880 1843 1046 1910; x_wconf 87' lang='lat' dir='ltr'>Desistere</span> <span class='ocrx_word' id='word_1_119' title='bbox 1066 1841 1108 1908; x_wconf 93' lang='lat' dir='ltr'>ab</span> <span class='ocrx_word' id='word_1_120' title='bbox 1129 1841 1279 1925; x_wconf 81' lang='lat' dir='ltr'>incoepto</span> 
     </span>
     <span class='ocr_line' id='line_1_16' title="bbox 100 1945 1280 2031; baseline -0.003 -18"><span class='ocrx_word' id='word_1_121' title='bbox 100 1946 332 2013; x_wconf 88' lang='lat' dir='ltr'>difficillimum</span> <span class='ocrx_word' id='word_1_122' title='bbox 362 1947 441 2012; x_wconf 91' lang='lat' dir='ltr'>mibi</span> <span class='ocrx_word' id='word_1_123' title='bbox 470 1947 570 2031; x_wconf 90' lang='lat' dir='ltr'>foret,</span> <span class='ocrx_word' id='word_1_124' title='bbox 602 1948 660 2015; x_wconf 92' lang='lat' dir='ltr'>sed</span> <span class='ocrx_word' id='word_1_125' title='bbox 689 1969 749 2014; x_wconf 89' lang='lat' dir='ltr'>nec</span> <span class='ocrx_word' id='word_1_126' title='bbox 776 1968 797 2015; x_wconf 89' lang='lat' dir='ltr'>a</span> <span class='ocrx_word' id='word_1_127' title='bbox 823 1953 871 2030; x_wconf 93' lang='lat' dir='ltr'>te,</span> <span class='ocrx_word' id='word_1_128' title='bbox 900 1947 1132 2014; x_wconf 85' lang='lat' dir='ltr'>humanissime</span> <span class='ocrx_word' id='word_1_129' title='bbox 1160 1945 1218 2027; x_wconf 83' lang='lat' dir='ltr'>vir,</span> <span class='ocrx_word' id='word_1_130' title='bbox 1244 1945 1280 2012; x_wconf 92' lang='lat' dir='ltr'>id</span> 
     </span>
     <span class='ocr_line' id='line_1_17' title="bbox 100 2050 1280 2139; baseline -0.003 -20"><span class='ocrx_word' id='word_1_131' title='bbox 100 2070 241 2119; x_wconf 85' lang='lat' dir='ltr'>rursum</span> <span class='ocrx_word' id='word_1_132' title='bbox 265 2058 378 2136; x_wconf 89' lang='lat' dir='ltr'>petere</span> <span class='ocrx_word' id='word_1_133' title='bbox 400 2073 571 2135; x_wconf 86' lang='lat' dir='ltr'>praesumo.</span> <span class='ocrx_word' id='word_1_134' title='bbox 616 2053 699 2119; x_wconf 84' lang='lat' dir='ltr'>Novi</span> <span class='ocrx_word' id='word_1_135' title='bbox 722 2055 807 2121; x_wconf 91' lang='lat' dir='ltr'>enim</span> <span class='ocrx_word' id='word_1_136' title='bbox 830 2054 1058 2139; x_wconf 87' lang='lat' dir='ltr'>occupationes</span> <span class='ocrx_word' id='word_1_137' title='bbox 1080 2058 1171 2133; x_wconf 89' lang='lat' dir='ltr'>tuas,</span> <span class='ocrx_word' id='word_1_138' title='bbox 1205 2050 1280 2119; x_wconf 84' lang='lat' dir='ltr'>noui</span> 
     </span>
     <span class='ocr_line' id='line_1_18' title="bbox 102 2154 1280 2244; baseline 0 -22"><span class='ocrx_word' id='word_1_139' title='bbox 102 2157 239 2242; x_wconf 90' lang='lat' dir='ltr'>quoties</span> <span class='ocrx_word' id='word_1_140' title='bbox 262 2156 353 2222; x_wconf 86' lang='lat' dir='ltr'>oneri</span> <span class='ocrx_word' id='word_1_141' title='bbox 376 2157 437 2223; x_wconf 86' lang='lat' dir='ltr'>tibi</span> <span class='ocrx_word' id='word_1_142' title='bbox 460 2156 575 2224; x_wconf 84' lang='lat' dir='ltr'>fuerim</span> <span class='ocrx_word' id='word_1_143' title='bbox 599 2158 704 2224; x_wconf 86' lang='lat' dir='ltr'>literis</span> <span class='ocrx_word' id='word_1_144' title='bbox 727 2159 816 2225; x_wconf 86' lang='lat' dir='ltr'>meis.</span> <span class='ocrx_word' id='word_1_145' title='bbox 863 2159 1067 2244; x_wconf 73' lang='lat' dir='ltr'>undergo?</span> <span class='ocrx_word' id='word_1_146' title='bbox 1112 2157 1161 2225; x_wconf 89' lang='lat' dir='ltr'>Tu</span> <span class='ocrx_word' id='word_1_147' title='bbox 1190 2154 1280 2223; x_wconf 83' lang='lat' dir='ltr'>vides</span> 
     </span>
     <span class='ocr_line' id='line_1_19' title="bbox 101 2250 1279 2350; baseline 0 -22"><span class='ocrx_word' id='word_1_148' title='bbox 101 2261 256 2328; x_wconf 86' lang='lat' dir='ltr'>laborem</span> <span class='ocrx_word' id='word_1_149' title='bbox 287 2267 321 2326; x_wconf 90' lang='lat' dir='ltr'>et</span> <span class='ocrx_word' id='word_1_150' title='bbox 348 2261 492 2328; x_wconf 88' lang='lat' dir='ltr'>dolorem</span> <span class='ocrx_word' id='word_1_151' title='bbox 521 2284 639 2330; x_wconf 91' lang='lat' dir='ltr'>meum.</span> <span class='ocrx_word' id='word_1_152' title='bbox 685 2263 719 2330; x_wconf 84' lang='lat' dir='ltr'>si</span> <span class='ocrx_word' id='word_1_153' title='bbox 745 2263 803 2344; x_wconf 88' lang='lat' dir='ltr'>vis,</span> <span class='ocrx_word' id='word_1_154' title='bbox 834 2270 929 2349; x_wconf 89' lang='lat' dir='ltr'>potes</span> <span class='ocrx_word' id='word_1_155' title='bbox 958 2250 1010 2330; x_wconf 78' lang='lat' dir='ltr'>me</span> <span class='ocrx_word' id='word_1_156' title='bbox 1039 2265 1164 2350; x_wconf 86' lang='lat' dir='ltr'>juvare.</span> <span class='ocrx_word' id='word_1_157' title='bbox 1208 2263 1279 2330; x_wconf 91' lang='lat' dir='ltr'>Hoc</span> 
     </span>
     <span class='ocr_line' id='line_1_20' title="bbox 105 2367 1280 2452; baseline 0.002 -19"><span class='ocrx_word' id='word_1_158' title='bbox 105 2374 229 2447; x_wconf 84' lang='lat' dir='ltr'>tamen,</span> <span class='ocrx_word' id='word_1_159' title='bbox 253 2375 290 2432; x_wconf 92' lang='lat' dir='ltr'>ut</span> <span class='ocrx_word' id='word_1_160' title='bbox 314 2367 390 2449; x_wconf 86' lang='lat' dir='ltr'>dixi,</span> <span class='ocrx_word' id='word_1_161' title='bbox 413 2389 435 2433; x_wconf 83' lang='lat' dir='ltr'>a</span> <span class='ocrx_word' id='word_1_162' title='bbox 457 2374 490 2433; x_wconf 87' lang='lat' dir='ltr'>te</span> <span class='ocrx_word' id='word_1_163' title='bbox 513 2375 626 2452; x_wconf 89' lang='lat' dir='ltr'>petere</span> <span class='ocrx_word' id='word_1_164' title='bbox 649 2389 713 2434; x_wconf 90' lang='lat' dir='ltr'>nou</span> <span class='ocrx_word' id='word_1_165' title='bbox 735 2368 848 2436; x_wconf 80' lang='lat' dir='ltr'>audeo.</span> <span class='ocrx_word' id='word_1_166' title='bbox 894 2367 929 2435; x_wconf 85' lang='lat' dir='ltr'>Si</span> <span class='ocrx_word' id='word_1_167' title='bbox 951 2374 1061 2436; x_wconf 90' lang='lat' dir='ltr'>tamen</span> <span class='ocrx_word' id='word_1_168' title='bbox 1083 2369 1199 2435; x_wconf 87' lang='lat' dir='ltr'>feceris</span> <span class='ocrx_word' id='word_1_169' title='bbox 1221 2369 1280 2434; x_wconf 91' lang='lat' dir='ltr'>im-</span> 
     </span>
     <span class='ocr_line' id='line_1_21' title="bbox 105 2471 1277 2559; baseline 0.001 -21"><span class='ocrx_word' id='word_1_170' title='bbox 105 2473 241 2539; x_wconf 88' lang='lat' dir='ltr'>mortali</span> <span class='ocrx_word' id='word_1_171' title='bbox 271 2493 323 2538; x_wconf 90' lang='lat' dir='ltr'>me</span> <span class='ocrx_word' id='word_1_172' title='bbox 355 2471 511 2539; x_wconf 89' lang='lat' dir='ltr'>beneficio</span> <span class='ocrx_word' id='word_1_173' title='bbox 540 2472 659 2538; x_wconf 88' lang='lat' dir='ltr'>afficies</span> <span class='ocrx_word' id='word_1_174' title='bbox 686 2481 944 2559; x_wconf 86' lang='lat' dir='ltr'>perpetuumque</span> <span class='ocrx_word' id='word_1_175' title='bbox 975 2473 1156 2541; x_wconf 91' lang='lat' dir='ltr'>debitorem</span> <span class='ocrx_word' id='word_1_176' title='bbox 1184 2480 1277 2541; x_wconf 90' lang='lat' dir='ltr'>tuum</span> 
     </span>
     <span class='ocr_line' id='line_1_22' title="bbox 106 2577 1278 2660; baseline 0 -16"><span class='ocrx_word' id='word_1_177' title='bbox 106 2579 298 2652; x_wconf 88' lang='lat' dir='ltr'>constitues.</span> <span class='ocrx_word' id='word_1_178' title='bbox 352 2577 431 2644; x_wconf 87' lang='lat' dir='ltr'>Vale</span> <span class='ocrx_word' id='word_1_179' title='bbox 467 2577 572 2658; x_wconf 86' lang='lat' dir='ltr'>foelix,</span> <span class='ocrx_word' id='word_1_180' title='bbox 604 2577 781 2643; x_wconf 90' lang='lat' dir='ltr'>amicorum</span> <span class='ocrx_word' id='word_1_181' title='bbox 815 2578 1121 2660; x_wconf 89' lang='lat' dir='ltr'>observandissime,</span> <span class='ocrx_word' id='word_1_182' title='bbox 1162 2585 1197 2646; x_wconf 91' lang='lat' dir='ltr'>et</span> <span class='ocrx_word' id='word_1_183' title='bbox 1226 2600 1278 2645; x_wconf 89' lang='lat' dir='ltr'>me</span> 
     </span>
     <span class='ocr_line' id='line_1_23' title="bbox 108 2681 1277 2767; baseline 0 -20"><span class='ocrx_word' id='word_1_184' title='bbox 108 2684 159 2749; x_wconf 91' lang='lat' dir='ltr'>tui</span> <span class='ocrx_word' id='word_1_185' title='bbox 180 2683 319 2749; x_wconf 91' lang='lat' dir='ltr'>nominis</span> <span class='ocrx_word' id='word_1_186' title='bbox 342 2688 376 2749; x_wconf 90' lang='lat' dir='ltr'>et</span> <span class='ocrx_word' id='word_1_187' title='bbox 398 2681 529 2763; x_wconf 84' lang='lat' dir='ltr'>honoris</span> <span class='ocrx_word' id='word_1_188' title='bbox 550 2702 732 2767; x_wconf 74' lang='lat' dir='ltr'>praeconem</span> <span class='ocrx_word' id='word_1_189' title='bbox 755 2703 826 2748; x_wconf 90' lang='lat' dir='ltr'>esse</span> <span class='ocrx_word' id='word_1_190' title='bbox 849 2688 939 2750; x_wconf 89' lang='lat' dir='ltr'>certo</span> <span class='ocrx_word' id='word_1_191' title='bbox 954 2683 1076 2750; x_wconf 91' lang='lat' dir='ltr'>certius</span> <span class='ocrx_word' id='word_1_192' title='bbox 1101 2684 1193 2751; x_wconf 88' lang='lat' dir='ltr'>scias.</span> <span class='ocrx_word' id='word_1_193' title='bbox 1228 2684 1277 2749; x_wconf 83' lang='lat' dir='ltr'>Ex</span> 
     </span>
     <span class='ocr_line' id='line_1_24' title="bbox 109 2787 849 2873; baseline -0.001 -20"><span class='ocrx_word' id='word_1_194' title='bbox 109 2788 310 2873; x_wconf 90' lang='lat' dir='ltr'>Ottenpurra</span> <span class='ocrx_word' id='word_1_195' title='bbox 333 2788 438 2871; x_wconf 89' lang='lat' dir='ltr'>pridie</span> <span class='ocrx_word' id='word_1_196' title='bbox 461 2787 534 2853; x_wconf 89' lang='lat' dir='ltr'>idus</span> <span class='ocrx_word' id='word_1_197' title='bbox 556 2787 729 2853; x_wconf 88' lang='lat' dir='ltr'>Januarias</span> <span class='ocrx_word' id='word_1_198' title='bbox 756 2792 849 2852; x_wconf 84' lang='lat'>1512.</span> 
     </span>
    </p>
   </div>
   <div class='ocr_carea' id='block_1_4' title="bbox 198 2908 937 2989">
    <p class='ocr_par' dir='ltr' id='par_1_4' title="bbox 198 2908 937 2989">
     <span class='ocr_line' id='line_1_25' title="bbox 198 2908 937 2989; baseline -0.003 -16"><span class='ocrx_word' id='word_1_199' title='bbox 198 2914 271 2973; x_wconf 90' lang='lat' dir='ltr'>Mso.</span> <span class='ocrx_word' id='word_1_200' title='bbox 287 2914 441 2989; x_wconf 87' lang='lat' dir='ltr'>Ellenbog.</span> <span class='ocrx_word' id='word_1_201' title='bbox 458 2916 508 2975; x_wconf 91' lang='lat' dir='ltr'>lib.</span> <span class='ocrx_word' id='word_1_202' title='bbox 525 2913 554 2973; x_wconf 89' lang='lat' dir='ltr'>H</span> <span class='ocrx_word' id='word_1_203' title='bbox 569 2915 652 2988; x_wconf 89' lang='lat' dir='ltr'>epist.</span> <span class='ocrx_word' id='word_1_204' title='bbox 673 2916 712 2973; x_wconf 81' lang='lat'>23</span> <span class='ocrx_word' id='word_1_205' title='bbox 730 2911 779 2974; x_wconf 86' lang='lat' dir='ltr'>sol.</span> <span class='ocrx_word' id='word_1_206' title='bbox 801 2908 880 2974; x_wconf 84' lang='lat' dir='ltr'>113b</span> <span class='ocrx_word' id='word_1_207' title='bbox 892 2929 937 2986; x_wconf 89' lang='lat' dir='ltr'>sq.</span> 
     </span>
    </p>
   </div>
   <div class='ocr_carea' id='block_1_5' title="bbox 181 3167 1242 3323">
    <p class='ocr_par' dir='ltr' id='par_1_5' title="bbox 181 3167 1242 3323">
     <span class='ocr_line' id='line_1_26' title="bbox 600 3167 787 3234; baseline -0.005 0"><span class='ocrx_word' id='word_1_208' title='bbox 600 3167 787 3234; x_wconf 87' lang='lat' dir='ltr'>CXXXVII.</span> 
     </span>
     <span class='ocr_line' id='line_1_27' title="bbox 181 3254 1242 3323; baseline -0.002 -15"><span class='ocrx_word' id='word_1_209' title='bbox 181 3257 322 3323; x_wconf 74' lang='lat' dir='ltr'>stuttgart.</span> <span class='ocrx_word' id='word_1_210' title='bbox 1030 3260 1062 3308; x_wconf 80' lang='lat' dir='ltr'>rr</span> <span class='ocrx_word' id='word_1_211' title='bbox 1081 3254 1144 3306; x_wconf 72' lang='lat' dir='ltr'>san.</span> <span class='ocrx_word' id='word_1_212' title='bbox 1165 3255 1242 3306; x_wconf 83' lang='lat'>1512.</span> 
     </span>
    </p>
   </div>
   <div class='ocr_carea' id='block_1_6' title="bbox 113 3387 1278 3614">
    <p class='ocr_par' dir='ltr' id='par_1_6' title="bbox 113 3387 1278 3614">
     <span class='ocr_line' id='line_1_28' title="bbox 113 3387 1278 3466; baseline 0 -2"><span class='ocrx_word' id='word_1_213' title='bbox 113 3389 275 3464; x_wconf 85' lang='lat' dir='ltr'>Joannes</span> <span class='ocrx_word' id='word_1_214' title='bbox 302 3389 487 3465; x_wconf 87' lang='lat' dir='ltr'>Reuchlin</span> <span class='ocrx_word' id='word_1_215' title='bbox 513 3389 732 3466; x_wconf 85' lang='lat' dir='ltr'>Phorcensis</span> <span class='ocrx_word' id='word_1_216' title='bbox 760 3390 836 3465; x_wconf 86' lang='lat' dir='ltr'>LL.</span> <span class='ocrx_word' id='word_1_217' title='bbox 871 3389 999 3464; x_wconf 89' lang='lat' dir='ltr'>doctor</span> <span class='ocrx_word' id='word_1_218' title='bbox 1031 3387 1278 3464; x_wconf 87' lang='lat' dir='ltr'>celeberrimae</span> 
     </span>
     <span class='ocr_line' id='line_1_29' title="bbox 229 3510 1160 3614; baseline 0 -29"><span class='ocrx_word' id='word_1_219' title='bbox 229 3511 400 3587; x_wconf 85' lang='lat' dir='ltr'>facultati</span> <span class='ocrx_word' id='word_1_220' title='bbox 426 3513 648 3614; x_wconf 83' lang='lat' dir='ltr'>theologicae</span> <span class='ocrx_word' id='word_1_221' title='bbox 676 3512 899 3590; x_wconf 75' lang='lat' dir='ltr'>Coloniensi.</span> <span class='ocrx_word' id='word_1_222' title='bbox 928 3512 969 3587; x_wconf 89' lang='lat' dir='ltr'>P.</span> <span class='ocrx_word' id='word_1_223' title='bbox 999 3537 1027 3586; x_wconf 87' lang='lat' dir='ltr'>s.</span> <span class='ocrx_word' id='word_1_224' title='bbox 1058 3510 1092 3586; x_wconf 92' lang='lat' dir='ltr'>d.</span> <span class='ocrx_word' id='word_1_225' title='bbox 1122 3540 1160 3614; x_wconf 90' lang='lat' dir='ltr'>p.</span> 
     </span>
    </p>
   </div>
   <div class='ocr_carea' id='block_1_7' title="bbox 107 3720 1279 4229">
    <p class='ocr_par' dir='ltr' id='par_1_7' title="bbox 107 3720 1279 4229">
     <span class='ocr_line' id='line_1_30' title="bbox 198 3720 1278 3805; baseline 0 -19"><span class='ocrx_word' id='word_1_226' title='bbox 198 3722 250 3787; x_wconf 85' lang='lat' dir='ltr'>Ad</span> <span class='ocrx_word' id='word_1_227' title='bbox 266 3722 398 3788; x_wconf 85' lang='lat' dir='ltr'>circiter</span> <span class='ocrx_word' id='word_1_228' title='bbox 414 3728 453 3788; x_wconf 82' lang='lat'>17</span> <span class='ocrx_word' id='word_1_229' title='bbox 469 3723 541 3790; x_wconf 87' lang='lat' dir='ltr'>Kal.</span> <span class='ocrx_word' id='word_1_230' title='bbox 556 3723 762 3805; x_wconf 82' lang='lat' dir='ltr'>Februariae,</span> <span class='ocrx_word' id='word_1_231' title='bbox 786 3721 1003 3790; x_wconf 89' lang='lat' dir='ltr'>colendissimi</span> <span class='ocrx_word' id='word_1_232' title='bbox 1018 3720 1144 3801; x_wconf 89' lang='lat' dir='ltr'>Patres,</span> <span class='ocrx_word' id='word_1_233' title='bbox 1169 3720 1278 3788; x_wconf 85' lang='lat' dir='ltr'>eximii</span> 
     </span>
     <span class='ocr_line' id='line_1_31' title="bbox 112 3824 1279 3911; baseline -0.003 -16"><span class='ocrx_word' id='word_1_234' title='bbox 112 3850 279 3895; x_wconf 90' lang='lat' dir='ltr'>sacrarum</span> <span class='ocrx_word' id='word_1_235' title='bbox 302 3828 471 3895; x_wconf 90' lang='lat' dir='ltr'>literarum</span> <span class='ocrx_word' id='word_1_236' title='bbox 495 3828 661 3908; x_wconf 89' lang='lat' dir='ltr'>ductores,</span> <span class='ocrx_word' id='word_1_237' title='bbox 690 3828 820 3894; x_wconf 88' lang='lat' dir='ltr'>reddita</span> <span class='ocrx_word' id='word_1_238' title='bbox 842 3832 894 3894; x_wconf 91' lang='lat' dir='ltr'>est</span> <span class='ocrx_word' id='word_1_239' title='bbox 919 3826 998 3892; x_wconf 92' lang='lat' dir='ltr'>mihi</span> <span class='ocrx_word' id='word_1_240' title='bbox 1026 3824 1165 3911; x_wconf 88' lang='lat' dir='ltr'>epistola</span> <span class='ocrx_word' id='word_1_241' title='bbox 1193 3847 1279 3911; x_wconf 89' lang='lat' dir='ltr'>quae·</span> 
     </span>
     <span class='ocr_line' id='line_1_32' title="bbox 111 3930 1279 4018; baseline -0.003 -18"><span class='ocrx_word' id='word_1_242' title='bbox 111 3933 185 4000; x_wconf 83' lang='lat' dir='ltr'>dam</span> <span class='ocrx_word' id='word_1_243' title='bbox 208 3939 335 4013; x_wconf 86' lang='lat' dir='ltr'>restra,</span> <span class='ocrx_word' id='word_1_244' title='bbox 366 3935 452 3998; x_wconf 92' lang='lat' dir='ltr'>omni</span> <span class='ocrx_word' id='word_1_245' title='bbox 481 3954 598 4018; x_wconf 89' lang='lat' dir='ltr'>genere</span> <span class='ocrx_word' id='word_1_246' title='bbox 621 3934 817 4018; x_wconf 90' lang='lat' dir='ltr'>optimarum</span> <span class='ocrx_word' id='word_1_247' title='bbox 845 3931 1033 3998; x_wconf 83' lang='lat' dir='ltr'>virtutum1</span> <span class='ocrx_word' id='word_1_248' title='bbox 1058 3930 1279 4014; x_wconf 71' lang='lat' dir='ltr'>insignibant</span> 
     </span>
     <span class='ocr_line' id='line_1_33' title="bbox 109 4035 1278 4125; baseline -0.003 -20"><span class='ocrx_word' id='word_1_249' title='bbox 109 4060 181 4125; x_wconf 83' lang='lat' dir='ltr'>quae</span> <span class='ocrx_word' id='word_1_250' title='bbox 212 4059 234 4104; x_wconf 89' lang='lat' dir='ltr'>a</span> <span class='ocrx_word' id='word_1_251' title='bbox 265 4043 355 4104; x_wconf 90' lang='lat' dir='ltr'>recte</span> <span class='ocrx_word' id='word_1_252' title='bbox 385 4038 512 4104; x_wconf 83' lang='lat' dir='ltr'>vivendi</span> <span class='ocrx_word' id='word_1_253' title='bbox 542 4038 767 4124; x_wconf 90' lang='lat' dir='ltr'>sentiendique</span> <span class='ocrx_word' id='word_1_254' title='bbox 798 4037 923 4103; x_wconf 89' lang='lat' dir='ltr'>officina</span> <span class='ocrx_word' id='word_1_255' title='bbox 957 4036 1166 4119; x_wconf 86' lang='lat' dir='ltr'>processerit,</span> <span class='ocrx_word' id='word_1_256' title='bbox 1199 4035 1278 4102; x_wconf 88' lang='lat' dir='ltr'>data</span> 
     </span>
     <span class='ocr_line' id='line_1_34' title="bbox 107 4139 1278 4229; baseline -0.007 -15"><span class='ocrx_word' id='word_1_257' title='bbox 107 4142 253 4214; x_wconf 89' lang='lat' dir='ltr'>secundo</span> <span class='ocrx_word' id='word_1_258' title='bbox 275 4142 423 4208; x_wconf 76' lang='lat' dir='ltr'>lanuarii</span> <span class='ocrx_word' id='word_1_259' title='bbox 445 4142 498 4210; x_wconf 89' lang='lat' dir='ltr'>die</span> <span class='ocrx_word' id='word_1_260' title='bbox 512 4142 534 4223; x_wconf 78' lang='lat'>²,</span> <span class='ocrx_word' id='word_1_261' title='bbox 556 4143 671 4229; x_wconf 88' lang='lat' dir='ltr'>inqua</span> <span class='ocrx_word' id='word_1_262' title='bbox 694 4149 729 4210; x_wconf 93' lang='lat' dir='ltr'>et</span> <span class='ocrx_word' id='word_1_263' title='bbox 750 4143 906 4229; x_wconf 90' lang='lat' dir='ltr'>pietatem</span> <span class='ocrx_word' id='word_1_264' title='bbox 928 4141 962 4206; x_wconf 91' lang='lat' dir='ltr'>in</span> <span class='ocrx_word' id='word_1_265' title='bbox 984 4140 1090 4206; x_wconf 90' lang='lat' dir='ltr'>Deum</span> <span class='ocrx_word' id='word_1_266' title='bbox 1113 4146 1147 4207; x_wconf 96' lang='lat' dir='ltr'>et</span> <span class='ocrx_word' id='word_1_267' title='bbox 1174 4139 1278 4208; x_wconf 87' lang='lat' dir='ltr'>chari-</span> 
     </span>
    </p>
   </div>
   <div class='ocr_carea' id='block_1_8' title="bbox 182 4309 1133 4470">
    <p class='ocr_par' dir='ltr' id='par_1_8' title="bbox 182 4309 1133 4470">
     <span class='ocr_line' id='line_1_35' title="bbox 691 4309 709 4348; baseline 0 0"><span class='ocrx_word' id='word_1_268' title='bbox 691 4309 709 4348; x_wconf 72' lang='lat' dir='ltr'>e</span> 
     </span>
     <span class='ocr_line' id='line_1_36' title="bbox 182 4393 1133 4470; baseline 0.004 -22"><span class='ocrx_word' id='word_1_269' title='bbox 182 4404 194 4458; x_wconf 85' lang='lat'>1</span> <span class='ocrx_word' id='word_1_270' title='bbox 219 4395 361 4470; x_wconf 83' lang='lat' dir='ltr'>Virtutum]</span> <span class='ocrx_word' id='word_1_271' title='bbox 381 4397 518 4449; x_wconf 78' lang='lat' dir='ltr'>veritatum</span> <span class='ocrx_word' id='word_1_272' title='bbox 538 4401 562 4455; x_wconf 84' lang='lat'>2.</span> <span class='ocrx_word' id='word_1_273' title='bbox 634 4401 648 4457; x_wconf 81' lang='lat'><strong>2</strong></span> <span class='ocrx_word' id='word_1_274' title='bbox 669 4398 763 4459; x_wconf 70' lang='grc'><strong>2100.</strong></span> <span class='ocrx_word' id='word_1_275' title='bbox 783 4401 966 4458; x_wconf 61' lang='grc'><strong>11101110.</strong></span> <span class='ocrx_word' id='word_1_276' title='bbox 987 4393 1133 4453; x_wconf 75' lang='lat' dir='ltr'>cxxxm.</span> 
     </span>
    </p>
   </div>
   <div class='ocr_carea' id='block_1_9' title="bbox 0 0 1404 4980">
    <p class='ocr_par' dir='ltr' id='par_1_9' title="bbox 0 0 1404 4980">
     <span class='ocr_line' id='line_1_37' title="bbox 0 0 1404 4980; baseline 0 1"><span class='ocrx_word' id='word_1_277' title='bbox 0 0 1404 4980; x_wconf 95' lang='lat' dir='ltr'> </span> 
     </span>
    </p>
   </div>
  </div>
 </body>
</html>
