<?xml version="1.0" encoding="UTF-8"?>
<!DOCTYPE html PUBLIC "-//W3C//DTD XHTML 1.0 Transitional//EN"
    "http://www.w3.org/TR/xhtml1/DTD/xhtml1-transitional.dtd">
<html xmlns="http://www.w3.org/1999/xhtml" xml:lang="en" lang="en">
 <head>
  <title>
</title>
<meta http-equiv="Content-Type" content="text/html;charset=utf-8" />
  <meta name='ocr-system' content='tesseract 3.04.00' />
  <meta name='ocr-capabilities' content='ocr_page ocr_carea ocr_par ocr_line ocrx_word'/>
</head>
<body>
  <div class='ocr_page' id='page_1' title='image "./johannreuchlins01reucgoog/johannreuchlins01reucgoog_0068.png"; bbox 0 0 2798 4980; ppageno 0'>
   <div class='ocr_carea' id='block_1_1' title="bbox 703 247 746 313">
    <p class='ocr_par' dir='ltr' id='par_1_1' title="bbox 703 247 746 313">
     <span class='ocr_line' id='line_1_1' title="bbox 703 247 746 313; baseline -0.047 0"><span class='ocrx_word' id='word_1_1' title='bbox 703 247 746 313; x_wconf 84' lang='grc'><strong>56</strong></span> 
     </span>
    </p>
   </div>
   <div class='ocr_carea' id='block_1_2' title="bbox 143 436 1328 2333">
    <p class='ocr_par' dir='ltr' id='par_1_2' title="bbox 143 436 1328 2213">
     <span class='ocr_line' id='line_1_2' title="bbox 144 436 1318 524; baseline -0.003 -13"><span class='ocrx_word' id='word_1_2' title='bbox 144 445 219 511; x_wconf 88' lang='lat' dir='ltr'><strong>ras¹</strong></span> <span class='ocrx_word' id='word_1_3' title='bbox 244 444 369 507; x_wconf 88' lang='lat' dir='ltr'><strong>vestras</strong></span> <span class='ocrx_word' id='word_1_4' title='bbox 382 436 625 518; x_wconf 84' lang='lat' dir='ltr'><strong>eruditissimas,</strong></span> <span class='ocrx_word' id='word_1_5' title='bbox 639 460 678 504; x_wconf 86' lang='lat' dir='ltr'><strong>ex</strong></span> <span class='ocrx_word' id='word_1_6' title='bbox 690 438 818 522; x_wconf 84' lang='lat' dir='ltr'><strong>quibus,</strong></span> <span class='ocrx_word' id='word_1_7' title='bbox 831 437 978 524; x_wconf 89' lang='lat' dir='ltr'><strong>quamvis</strong></span> <span class='ocrx_word' id='word_1_8' title='bbox 990 458 1063 505; x_wconf 92' lang='lat' dir='ltr'><strong>cum</strong></span> <span class='ocrx_word' id='word_1_9' title='bbox 1075 436 1236 524; x_wconf 72' lang='lat' dir='ltr'>singulari</span> <span class='ocrx_word' id='word_1_10' title='bbox 1251 437 1318 509; x_wconf 87' lang='lat' dir='ltr'><strong>els-</strong></span> 
     </span>
     <span class='ocr_line' id='line_1_3' title="bbox 145 544 1316 633; baseline 0 -20"><span class='ocrx_word' id='word_1_11' title='bbox 145 548 266 633; x_wconf 86' lang='lat' dir='ltr'><strong>gantia,</strong></span> <span class='ocrx_word' id='word_1_12' title='bbox 287 544 502 612; x_wconf 79' lang='lat' dir='ltr'><strong>intelleximus</strong></span> <span class='ocrx_word' id='word_1_13' title='bbox 517 549 626 609; x_wconf 89' lang='lat' dir='ltr'><strong>tamen</strong></span> <span class='ocrx_word' id='word_1_14' title='bbox 643 565 738 610; x_wconf 87' lang='lat' dir='ltr'><strong>curas</strong></span> <span class='ocrx_word' id='word_1_15' title='bbox 754 551 788 610; x_wconf 91' lang='lat' dir='ltr'><strong>et</strong></span> <span class='ocrx_word' id='word_1_16' title='bbox 804 545 1037 612; x_wconf 81' lang='lat' dir='ltr'><strong>sollicitudines</strong></span> <span class='ocrx_word' id='word_1_17' title='bbox 1060 552 1201 626; x_wconf 89' lang='lat' dir='ltr'><strong>vestras,</strong></span> <span class='ocrx_word' id='word_1_18' title='bbox 1231 566 1316 633; x_wconf 86' lang='lat' dir='ltr'><strong>quas</strong></span> 
     </span>
     <span class='ocr_line' id='line_1_4' title="bbox 146 651 1318 734; baseline 0.001 -14"><span class='ocrx_word' id='word_1_19' title='bbox 146 652 368 721; x_wconf 88' lang='lat' dir='ltr'><strong>obabsentiam</strong></span> <span class='ocrx_word' id='word_1_20' title='bbox 386 656 531 716; x_wconf 90' lang='lat' dir='ltr'><strong>nostram</strong></span> <span class='ocrx_word' id='word_1_21' title='bbox 548 651 745 734; x_wconf 80' lang='lat' dir='ltr'><strong>suscepistis.</strong></span> <span class='ocrx_word' id='word_1_22' title='bbox 777 651 931 716; x_wconf 89' lang='lat' dir='ltr'><strong>Dolemus</strong></span> <span class='ocrx_word' id='word_1_23' title='bbox 947 657 1036 719; x_wconf 86' lang='lat' dir='ltr'><strong>certe</strong></span> <span class='ocrx_word' id='word_1_24' title='bbox 1052 672 1121 717; x_wconf 91' lang='lat' dir='ltr'><strong>rem</strong></span> <span class='ocrx_word' id='word_1_25' title='bbox 1137 652 1185 718; x_wconf 88' lang='lat' dir='ltr'><strong>ita</strong></span> <span class='ocrx_word' id='word_1_26' title='bbox 1206 672 1245 719; x_wconf 89' lang='lat' dir='ltr'><strong>se</strong></span> <span class='ocrx_word' id='word_1_27' title='bbox 1259 651 1318 721; x_wconf 81' lang='lat' dir='ltr'><strong>ha·</strong></span> 
     </span>
     <span class='ocr_line' id='line_1_5' title="bbox 143 755 1317 841; baseline 0 -16"><span class='ocrx_word' id='word_1_28' title='bbox 143 759 237 838; x_wconf 87' lang='lat' dir='ltr'><strong>berc;</strong></span> <span class='ocrx_word' id='word_1_29' title='bbox 266 778 377 823; x_wconf 89' lang='lat' dir='ltr'><strong>verum</strong></span> <span class='ocrx_word' id='word_1_30' title='bbox 399 777 473 821; x_wconf 92' lang='lat' dir='ltr'><strong>cum</strong></span> <span class='ocrx_word' id='word_1_31' title='bbox 496 755 545 821; x_wconf 91' lang='lat' dir='ltr'><strong>ita</strong></span> <span class='ocrx_word' id='word_1_32' title='bbox 567 755 624 835; x_wconf 91' lang='lat' dir='ltr'><strong>sit,</strong></span> <span class='ocrx_word' id='word_1_33' title='bbox 652 756 839 821; x_wconf 82' lang='lat' dir='ltr'><strong>necessitati</strong></span> <span class='ocrx_word' id='word_1_34' title='bbox 862 757 1019 841; x_wconf 89' lang='lat' dir='ltr'><strong>temporis</strong></span> <span class='ocrx_word' id='word_1_35' title='bbox 1042 776 1099 822; x_wconf 85' lang='lat' dir='ltr'><strong>vos</strong></span> <span class='ocrx_word' id='word_1_36' title='bbox 1122 756 1317 826; x_wconf 85' lang='lat' dir='ltr'><strong>accomoda·</strong></span> 
     </span>
     <span class='ocr_line' id='line_1_6' title="bbox 145 860 1317 949; baseline 0.003 -19"><span class='ocrx_word' id='word_1_37' title='bbox 145 864 233 930; x_wconf 87' lang='lat' dir='ltr'><strong>bitis.</strong></span> <span class='ocrx_word' id='word_1_38' title='bbox 279 863 443 945; x_wconf 79' lang='lat' dir='ltr'><strong>Princeps,</strong></span> <span class='ocrx_word' id='word_1_39' title='bbox 466 866 504 926; x_wconf 89' lang='lat' dir='ltr'><strong>ut</strong></span> <span class='ocrx_word' id='word_1_40' title='bbox 527 882 567 925; x_wconf 85' lang='lat' dir='ltr'><strong>ex</strong></span> <span class='ocrx_word' id='word_1_41' title='bbox 583 860 687 924; x_wconf 91' lang='lat' dir='ltr'><strong>literis</strong></span> <span class='ocrx_word' id='word_1_42' title='bbox 702 861 740 925; x_wconf 92' lang='lat' dir='ltr'><strong>D.</strong></span> <span class='ocrx_word' id='word_1_43' title='bbox 765 882 831 927; x_wconf 86' lang='lat' dir='ltr'><strong>suae</strong></span> <span class='ocrx_word' id='word_1_44' title='bbox 855 860 897 925; x_wconf 91' lang='lat' dir='ltr'><strong>ad</strong></span> <span class='ocrx_word' id='word_1_45' title='bbox 921 882 981 928; x_wconf 92' lang='lat' dir='ltr'><strong>nos</strong></span> <span class='ocrx_word' id='word_1_46' title='bbox 1004 861 1116 931; x_wconf 89' lang='lat' dir='ltr'><strong>videre</strong></span> <span class='ocrx_word' id='word_1_47' title='bbox 1131 862 1317 949; x_wconf 78' lang='lat' dir='ltr'><strong>potuistis&#39;</strong></span> 
     </span>
     <span class='ocr_line' id='line_1_7' title="bbox 148 965 1318 1055; baseline 0 -19"><span class='ocrx_word' id='word_1_48' title='bbox 148 990 234 1055; x_wconf 86' lang='lat' dir='ltr'><strong>saepe</strong></span> <span class='ocrx_word' id='word_1_49' title='bbox 263 990 297 1034; x_wconf 89' lang='lat' dir='ltr'><strong>se</strong></span> <span class='ocrx_word' id='word_1_50' title='bbox 330 967 480 1033; x_wconf 79' lang='lat' dir='ltr'><strong>celeriter</strong></span> <span class='ocrx_word' id='word_1_51' title='bbox 513 966 665 1030; x_wconf 89' lang='lat' dir='ltr'><strong>nuncium</strong></span> <span class='ocrx_word' id='word_1_52' title='bbox 702 967 874 1033; x_wconf 90' lang='lat' dir='ltr'><strong>missurum</strong></span> <span class='ocrx_word' id='word_1_53' title='bbox 906 965 1089 1033; x_wconf 85' lang='lat' dir='ltr'><strong>affirmavit</strong></span> <span class='ocrx_word' id='word_1_54' title='bbox 1136 967 1247 1049; x_wconf 79' lang='lat' dir='ltr'><strong>Quare</strong></span> <span class='ocrx_word' id='word_1_55' title='bbox 1270 967 1318 1037; x_wconf 79' lang='lat' dir='ltr'><strong>nil</strong></span> 
     </span>
     <span class='ocr_line' id='line_1_8' title="bbox 147 1071 1317 1158; baseline -0.002 -16"><span class='ocrx_word' id='word_1_56' title='bbox 147 1074 243 1142; x_wconf 89' lang='lat' dir='ltr'><strong>nobis</strong></span> <span class='ocrx_word' id='word_1_57' title='bbox 264 1071 490 1157; x_wconf 90' lang='lat' dir='ltr'><strong>imputandum</strong></span> <span class='ocrx_word' id='word_1_58' title='bbox 514 1077 574 1151; x_wconf 91' lang='lat' dir='ltr'><strong>est,</strong></span> <span class='ocrx_word' id='word_1_59' title='bbox 596 1071 673 1154; x_wconf 89' lang='lat' dir='ltr'><strong>quia</strong></span> <span class='ocrx_word' id='word_1_60' title='bbox 702 1077 830 1158; x_wconf 91' lang='lat' dir='ltr'><strong>tempus</strong></span> <span class='ocrx_word' id='word_1_61' title='bbox 855 1072 1107 1155; x_wconf 84' lang='lat' dir='ltr'><strong>expectavimus.</strong></span> <span class='ocrx_word' id='word_1_62' title='bbox 1152 1073 1272 1140; x_wconf 89' lang='lat' dir='ltr'><strong>Petitis</strong></span> <span class='ocrx_word' id='word_1_63' title='bbox 1295 1093 1317 1139; x_wconf 88' lang='lat' dir='ltr'><strong>a</strong></span> 
     </span>
     <span class='ocr_line' id='line_1_9' title="bbox 147 1175 1318 1261; baseline -0.001 -15"><span class='ocrx_word' id='word_1_64' title='bbox 147 1179 242 1248; x_wconf 87' lang='lat' dir='ltr'><strong>nobis</strong></span> <span class='ocrx_word' id='word_1_65' title='bbox 266 1177 442 1243; x_wconf 88' lang='lat' dir='ltr'><strong>consilium.</strong></span> <span class='ocrx_word' id='word_1_66' title='bbox 489 1176 533 1241; x_wconf 88' lang='lat' dir='ltr'><strong>At</strong></span> <span class='ocrx_word' id='word_1_67' title='bbox 555 1176 648 1261; x_wconf 88' lang='lat' dir='ltr'><strong>quale</strong></span> <span class='ocrx_word' id='word_1_68' title='bbox 677 1177 710 1239; x_wconf 90' lang='lat' dir='ltr'><strong>in</strong></span> <span class='ocrx_word' id='word_1_69' title='bbox 734 1175 831 1242; x_wconf 89' lang='lat' dir='ltr'><strong>rebus</strong></span> <span class='ocrx_word' id='word_1_70' title='bbox 864 1183 933 1241; x_wconf 89' lang='lat' dir='ltr'><strong>tam</strong></span> <span class='ocrx_word' id='word_1_71' title='bbox 956 1177 1067 1243; x_wconf 83' lang='lat' dir='ltr'><strong>arduis</strong></span> <span class='ocrx_word' id='word_1_72' title='bbox 1097 1183 1132 1244; x_wconf 90' lang='lat' dir='ltr'><strong>et</strong></span> <span class='ocrx_word' id='word_1_73' title='bbox 1153 1179 1223 1244; x_wconf 90' lang='lat' dir='ltr'><strong>viro</strong></span> <span class='ocrx_word' id='word_1_74' title='bbox 1242 1176 1318 1245; x_wconf 89' lang='lat' dir='ltr'><strong>doc-</strong></span> 
     </span>
     <span class='ocr_line' id='line_1_10' title="bbox 147 1282 1318 1368; baseline -0.001 -15"><span class='ocrx_word' id='word_1_75' title='bbox 147 1285 273 1353; x_wconf 89' lang='lat' dir='ltr'><strong>tissimo</strong></span> <span class='ocrx_word' id='word_1_76' title='bbox 304 1282 550 1349; x_wconf 86' lang='lat' dir='ltr'><strong>subministrare</strong></span> <span class='ocrx_word' id='word_1_77' title='bbox 585 1283 780 1366; x_wconf 76' lang='lat' dir='ltr'><strong>possumus?</strong></span> <span class='ocrx_word' id='word_1_78' title='bbox 837 1282 1109 1368; x_wconf 88' lang='lat' dir='ltr'><strong>Exploratissima</strong></span> <span class='ocrx_word' id='word_1_79' title='bbox 1140 1290 1193 1353; x_wconf 87' lang='lat' dir='ltr'><strong>cst</strong></span> <span class='ocrx_word' id='word_1_80' title='bbox 1222 1284 1318 1352; x_wconf 88' lang='lat' dir='ltr'><strong>vobis</strong></span> 
     </span>
     <span class='ocr_line' id='line_1_11' title="bbox 148 1386 1318 1476; baseline -0.002 -18"><span class='ocrx_word' id='word_1_81' title='bbox 148 1411 240 1459; x_wconf 85' lang='lat' dir='ltr'><strong>mens</strong></span> <span class='ocrx_word' id='word_1_82' title='bbox 263 1388 418 1476; x_wconf 91' lang='lat' dir='ltr'><strong>principis</strong></span> <span class='ocrx_word' id='word_1_83' title='bbox 442 1394 475 1453; x_wconf 90' lang='lat' dir='ltr'><strong>et</strong></span> <span class='ocrx_word' id='word_1_84' title='bbox 492 1408 562 1473; x_wconf 85' lang='lat' dir='ltr'><strong>quae</strong></span> <span class='ocrx_word' id='word_1_85' title='bbox 578 1386 672 1453; x_wconf 91' lang='lat' dir='ltr'><strong>nobis</strong></span> <span class='ocrx_word' id='word_1_86' title='bbox 688 1388 819 1471; x_wconf 90' lang='lat' dir='ltr'><strong>scripsit</strong></span> <span class='ocrx_word' id='word_1_87' title='bbox 841 1388 928 1454; x_wconf 86' lang='lat' dir='ltr'><strong>clare</strong></span> <span class='ocrx_word' id='word_1_88' title='bbox 943 1388 1085 1471; x_wconf 89' lang='lat' dir='ltr'><strong>vidistis,</strong></span> <span class='ocrx_word' id='word_1_89' title='bbox 1108 1388 1143 1454; x_wconf 92' lang='lat' dir='ltr'><strong>in</strong></span> <span class='ocrx_word' id='word_1_90' title='bbox 1163 1388 1257 1459; x_wconf 84' lang='lat' dir='ltr'><strong>nulla</strong></span> <span class='ocrx_word' id='word_1_91' title='bbox 1281 1411 1318 1457; x_wconf 91' lang='lat' dir='ltr'><strong>re</strong></span> 
     </span>
     <span class='ocr_line' id='line_1_12' title="bbox 149 1493 1318 1580; baseline 0 -18"><span class='ocrx_word' id='word_1_92' title='bbox 149 1501 290 1563; x_wconf 86' lang='lat' dir='ltr'><strong>mentem</strong></span> <span class='ocrx_word' id='word_1_93' title='bbox 314 1493 511 1562; x_wconf 84' lang='lat' dir='ltr'><strong>excellentiae</strong></span> <span class='ocrx_word' id='word_1_94' title='bbox 528 1513 593 1558; x_wconf 86' lang='lat' dir='ltr'><strong>suae</strong></span> <span class='ocrx_word' id='word_1_95' title='bbox 608 1494 803 1576; x_wconf 81' lang='lat' dir='ltr'><strong>transgressi</strong></span> <span class='ocrx_word' id='word_1_96' title='bbox 820 1516 930 1560; x_wconf 92' lang='lat' dir='ltr'><strong>sumus</strong></span> <span class='ocrx_word' id='word_1_97' title='bbox 946 1500 979 1560; x_wconf 90' lang='lat' dir='ltr'><strong>et</strong></span> <span class='ocrx_word' id='word_1_98' title='bbox 1003 1515 1077 1560; x_wconf 87' lang='lat' dir='ltr'><strong>cum</strong></span> <span class='ocrx_word' id='word_1_99' title='bbox 1096 1494 1256 1580; x_wconf 77' lang='lat' dir='ltr'><strong>singulari</strong></span> <span class='ocrx_word' id='word_1_100' title='bbox 1270 1495 1318 1562; x_wconf 92' lang='lat' dir='ltr'><strong>di-</strong></span> 
     </span>
     <span class='ocr_line' id='line_1_13' title="bbox 148 1598 1319 1686; baseline 0.002 -19"><span class='ocrx_word' id='word_1_101' title='bbox 148 1601 283 1686; x_wconf 88' lang='lat' dir='ltr'><strong>ligentia</strong></span> <span class='ocrx_word' id='word_1_102' title='bbox 314 1599 395 1666; x_wconf 88' lang='lat' dir='ltr'><strong>fines</strong></span> <span class='ocrx_word' id='word_1_103' title='bbox 425 1598 653 1664; x_wconf 89' lang='lat' dir='ltr'><strong>mandatorum</strong></span> <span class='ocrx_word' id='word_1_104' title='bbox 683 1620 814 1664; x_wconf 91' lang='lat' dir='ltr'><strong>suorum</strong></span> <span class='ocrx_word' id='word_1_105' title='bbox 847 1599 1060 1681; x_wconf 85' lang='lat' dir='ltr'><strong>servavimus,</strong></span> <span class='ocrx_word' id='word_1_106' title='bbox 1094 1601 1143 1667; x_wconf 94' lang='lat' dir='ltr'><strong>ita</strong></span> <span class='ocrx_word' id='word_1_107' title='bbox 1166 1606 1200 1667; x_wconf 90' lang='lat' dir='ltr'><strong>et</strong></span> <span class='ocrx_word' id='word_1_108' title='bbox 1220 1600 1319 1669; x_wconf 85' lang='lat' dir='ltr'><strong>nobis</strong></span> 
     </span>
     <span class='ocr_line' id='line_1_14' title="bbox 149 1703 1320 1794; baseline -0.003 -17"><span class='ocrx_word' id='word_1_109' title='bbox 149 1708 308 1794; x_wconf 89' lang='lat' dir='ltr'><strong>agendum</strong></span> <span class='ocrx_word' id='word_1_110' title='bbox 333 1706 403 1786; x_wconf 88' lang='lat' dir='ltr'><strong>erit,</strong></span> <span class='ocrx_word' id='word_1_111' title='bbox 427 1726 479 1771; x_wconf 89' lang='lat' dir='ltr'><strong>res</strong></span> <span class='ocrx_word' id='word_1_112' title='bbox 502 1703 612 1770; x_wconf 89' lang='lat' dir='ltr'><strong>arduae</strong></span> <span class='ocrx_word' id='word_1_113' title='bbox 636 1709 725 1785; x_wconf 91' lang='lat' dir='ltr'><strong>sunt,</strong></span> <span class='ocrx_word' id='word_1_114' title='bbox 749 1712 782 1771; x_wconf 90' lang='lat' dir='ltr'><strong>et</strong></span> <span class='ocrx_word' id='word_1_115' title='bbox 799 1726 857 1771; x_wconf 92' lang='lat' dir='ltr'><strong>nos</strong></span> <span class='ocrx_word' id='word_1_116' title='bbox 881 1705 1034 1772; x_wconf 86' lang='lat' dir='ltr'><strong>absentes</strong></span> <span class='ocrx_word' id='word_1_117' title='bbox 1058 1727 1122 1773; x_wconf 90' lang='lat' dir='ltr'><strong>non</strong></span> <span class='ocrx_word' id='word_1_118' title='bbox 1144 1727 1320 1792; x_wconf 87' lang='lat' dir='ltr'><strong>possumus</strong></span> 
     </span>
     <span class='ocr_line' id='line_1_15' title="bbox 149 1809 1319 1895; baseline -0.001 -15"><span class='ocrx_word' id='word_1_119' title='bbox 149 1815 183 1880; x_wconf 92' lang='lat' dir='ltr'><strong>in</strong></span> <span class='ocrx_word' id='word_1_120' title='bbox 205 1813 267 1879; x_wconf 91' lang='lat' dir='ltr'><strong>hac</strong></span> <span class='ocrx_word' id='word_1_121' title='bbox 291 1810 465 1879; x_wconf 88' lang='lat' dir='ltr'><strong>solitudine</strong></span> <span class='ocrx_word' id='word_1_122' title='bbox 489 1809 647 1891; x_wconf 92' lang='lat' dir='ltr'><strong>divinare,</strong></span> <span class='ocrx_word' id='word_1_123' title='bbox 672 1831 744 1893; x_wconf 86' lang='lat' dir='ltr'><strong>quae</strong></span> <span class='ocrx_word' id='word_1_124' title='bbox 775 1811 875 1876; x_wconf 84' lang='lat' dir='ltr'><strong>menti</strong></span> <span class='ocrx_word' id='word_1_125' title='bbox 907 1810 1069 1895; x_wconf 89' lang='lat' dir='ltr'><strong>pontificis</strong></span> <span class='ocrx_word' id='word_1_126' title='bbox 1099 1813 1139 1877; x_wconf 87' lang='lat' dir='ltr'><strong>D.</strong></span> <span class='ocrx_word' id='word_1_127' title='bbox 1168 1833 1319 1879; x_wconf 86' lang='lat' dir='ltr'><strong>reveren-</strong></span> 
     </span>
     <span class='ocr_line' id='line_1_16' title="bbox 150 1915 1320 2001; baseline -0.001 -15"><span class='ocrx_word' id='word_1_128' title='bbox 150 1918 274 1986; x_wconf 90' lang='lat' dir='ltr'><strong>dissimi</strong></span> <span class='ocrx_word' id='word_1_129' title='bbox 305 1915 480 1982; x_wconf 78' lang='lat' dir='ltr'><strong>Alexandri</strong></span> <span class='ocrx_word' id='word_1_130' title='bbox 514 1916 527 1954; x_wconf 81' lang='lat'>³</span> <span class='ocrx_word' id='word_1_131' title='bbox 559 1921 815 2001; x_wconf 83' lang='lat' dir='ltr'><strong>caeterorumque</strong></span> <span class='ocrx_word' id='word_1_132' title='bbox 852 1917 961 1981; x_wconf 90' lang='lat' dir='ltr'><strong>insint.</strong></span> <span class='ocrx_word' id='word_1_133' title='bbox 1014 1918 1053 1982; x_wconf 87' lang='lat' dir='ltr'><strong>D.</strong></span> <span class='ocrx_word' id='word_1_134' title='bbox 1083 1917 1320 2001; x_wconf 88' lang='lat' dir='ltr'><strong>Bernardinus,</strong></span> 
     </span>
     <span class='ocr_line' id='line_1_17' title="bbox 151 2020 1320 2105; baseline -0.003 -13"><span class='ocrx_word' id='word_1_135' title='bbox 151 2025 282 2092; x_wconf 85' lang='lat' dir='ltr'><strong>auditor</strong></span> <span class='ocrx_word' id='word_1_136' title='bbox 296 2027 416 2101; x_wconf 90' lang='lat' dir='ltr'><strong>noster,</strong></span> <span class='ocrx_word' id='word_1_137' title='bbox 440 2022 467 2086; x_wconf 94' lang='lat' dir='ltr'><strong>si</strong></span> <span class='ocrx_word' id='word_1_138' title='bbox 481 2020 513 2085; x_wconf 90' lang='lat' dir='ltr'><strong>in</strong></span> <span class='ocrx_word' id='word_1_139' title='bbox 531 2020 676 2105; x_wconf 89' lang='lat' dir='ltr'><strong>aliquare</strong></span> <span class='ocrx_word' id='word_1_140' title='bbox 700 2021 790 2087; x_wconf 89' lang='lat' dir='ltr'><strong>utilis</strong></span> <span class='ocrx_word' id='word_1_141' title='bbox 814 2023 876 2087; x_wconf 88' lang='lat' dir='ltr'><strong>erit</strong></span> <span class='ocrx_word' id='word_1_142' title='bbox 900 2022 991 2089; x_wconf 90' lang='lat' dir='ltr'><strong>vobis</strong></span> <span class='ocrx_word' id='word_1_143' title='bbox 1014 2023 1157 2090; x_wconf 89' lang='lat' dir='ltr'><strong>assistet.</strong></span> <span class='ocrx_word' id='word_1_144' title='bbox 1190 2023 1320 2092; x_wconf 86' lang='lat' dir='ltr'><strong>Valcte.</strong></span> 
     </span>
     <span class='ocr_line' id='line_1_18' title="bbox 151 2126 1328 2213; baseline -0.001 -17"><span class='ocrx_word' id='word_1_145' title='bbox 151 2131 200 2197; x_wconf 87' lang='lat' dir='ltr'><strong>Ex</strong></span> <span class='ocrx_word' id='word_1_146' title='bbox 223 2128 362 2207; x_wconf 87' lang='lat' dir='ltr'><strong>Balneis,</strong></span> <span class='ocrx_word' id='word_1_147' title='bbox 385 2127 491 2192; x_wconf 90' lang='lat' dir='ltr'><strong>sancti</strong></span> <span class='ocrx_word' id='word_1_148' title='bbox 513 2126 652 2211; x_wconf 90' lang='lat' dir='ltr'><strong>Philippi</strong></span> <span class='ocrx_word' id='word_1_149' title='bbox 677 2127 728 2192; x_wconf 90' lang='lat' dir='ltr'><strong>dis</strong></span> <span class='ocrx_word' id='word_1_150' title='bbox 753 2126 1018 2213; x_wconf 90' lang='lat' dir='ltr'><strong>decimaseptima</strong></span> <span class='ocrx_word' id='word_1_151' title='bbox 1041 2129 1138 2210; x_wconf 78' lang='lat' dir='ltr'><strong>lunii,</strong></span> <span class='ocrx_word' id='word_1_152' title='bbox 1165 2134 1263 2198; x_wconf 86' lang='grc'><strong>1498.</strong></span> <span class='ocrx_word' id='word_1_153' title='bbox 1324 2199 1328 2204; x_wconf 62' lang='grc'>,</span> 
     </span>
    </p>

    <p class='ocr_par' dir='ltr' id='par_1_3' title="bbox 241 2232 1321 2333">
     <span class='ocr_line' id='line_1_19' title="bbox 241 2232 1321 2333; baseline 0.006 -36"><span class='ocrx_word' id='word_1_154' title='bbox 241 2232 1074 2333; x_wconf 51' lang='grc' dir='ltr'><strong>(1111111111130.1.θ.121);2.--Ι.1.θ.141;</strong></span> <span class='ocrx_word' id='word_1_155' title='bbox 1099 2238 1321 2303; x_wconf 79' lang='lat' dir='ltr'><strong>3:0.v.e.</strong></span> 
     </span>
    </p>
   </div>
   <div class='ocr_carea' id='block_1_3' title="bbox 151 2342 331 2404">
    <p class='ocr_par' dir='ltr' id='par_1_4' title="bbox 151 2342 331 2404">
     <span class='ocr_line' id='line_1_20' title="bbox 151 2342 331 2404; baseline 0 0"><span class='ocrx_word' id='word_1_156' title='bbox 151 2345 180 2404; x_wconf 91' lang='lat' dir='ltr'><strong>Il</strong></span> <span class='ocrx_word' id='word_1_157' title='bbox 195 2342 244 2404; x_wconf 87' lang='lat' dir='ltr'><strong>fol.</strong></span> <span class='ocrx_word' id='word_1_158' title='bbox 264 2345 331 2404; x_wconf 64' lang='lat'><strong>682.</strong></span> 
     </span>
    </p>
   </div>
   <div class='ocr_carea' id='block_1_4' title="bbox 221 2427 1287 2572">
    <p class='ocr_par' dir='ltr' id='par_1_5' title="bbox 221 2427 1287 2572">
     <span class='ocr_line' id='line_1_21' title="bbox 670 2427 781 2495; baseline 0.009 -3"><span class='ocrx_word' id='word_1_159' title='bbox 670 2427 781 2495; x_wconf 88' lang='lat' dir='ltr'>LXIV.</span> 
     </span>
     <span class='ocr_line' id='line_1_22' title="bbox 221 2517 1287 2572; baseline 0.002 -4"><span class='ocrx_word' id='word_1_160' title='bbox 221 2517 287 2568; x_wconf 83' lang='lat' dir='ltr'><strong>Rom</strong></span> <span class='ocrx_word' id='word_1_161' title='bbox 1204 2520 1287 2572; x_wconf 80' lang='grc'><strong>1499.</strong></span> 
     </span>
    </p>
   </div>
   <div class='ocr_carea' id='block_1_5' title="bbox 195 2552 1273 2705">
    <p class='ocr_par' dir='ltr' id='par_1_6' title="bbox 195 2552 1273 2705">
     <span class='ocr_line' id='line_1_23' title="bbox 195 2552 1273 2705; baseline -0.001 -23"><span class='ocrx_word' id='word_1_162' title='bbox 195 2552 360 2682; x_wconf 84' lang='lat' dir='ltr'><strong>Jacohus</strong></span> <span class='ocrx_word' id='word_1_163' title='bbox 388 2603 653 2704; x_wconf 75' lang='lat' dir='ltr'><strong>Questemberg</strong></span> <span class='ocrx_word' id='word_1_164' title='bbox 680 2604 821 2679; x_wconf 84' lang='lat' dir='ltr'><strong>Joanni</strong></span> <span class='ocrx_word' id='word_1_165' title='bbox 847 2604 1031 2681; x_wconf 85' lang='lat' dir='ltr'><strong>Reuchlin</strong></span> <span class='ocrx_word' id='word_1_166' title='bbox 1057 2606 1273 2705; x_wconf 85' lang='lat' dir='ltr'><strong>Phorcensi,</strong></span> 
     </span>
    </p>
   </div>
   <div class='ocr_carea' id='block_1_6' title="bbox 457 2727 1000 2803">
    <p class='ocr_par' dir='ltr' id='par_1_7' title="bbox 457 2727 1000 2803">
     <span class='ocr_line' id='line_1_24' title="bbox 457 2727 1000 2803; baseline 0 0"><span class='ocrx_word' id='word_1_167' title='bbox 457 2727 603 2803; x_wconf 86' lang='lat' dir='ltr'><strong>Oratori</strong></span> <span class='ocrx_word' id='word_1_168' title='bbox 621 2727 794 2802; x_wconf 90' lang='lat' dir='ltr'><strong>Palatino</strong></span> <span class='ocrx_word' id='word_1_169' title='bbox 824 2728 1000 2803; x_wconf 80' lang='lat' dir='ltr'><strong>Salutem.</strong></span> 
     </span>
    </p>
   </div>
   <div class='ocr_carea' id='block_1_7' title="bbox 150 2850 1322 3360">
    <p class='ocr_par' dir='ltr' id='par_1_8' title="bbox 150 2850 1322 3360">
     <span class='ocr_line' id='line_1_25' title="bbox 240 2850 1322 2938; baseline 0.003 -20"><span class='ocrx_word' id='word_1_170' title='bbox 240 2852 322 2919; x_wconf 82' lang='lat' dir='ltr'><strong>(lum</strong></span> <span class='ocrx_word' id='word_1_171' title='bbox 343 2852 377 2917; x_wconf 93' lang='lat' dir='ltr'><strong>in</strong></span> <span class='ocrx_word' id='word_1_172' title='bbox 398 2857 494 2917; x_wconf 89' lang='lat' dir='ltr'><strong>tanta</strong></span> <span class='ocrx_word' id='word_1_173' title='bbox 514 2851 679 2916; x_wconf 88' lang='lat' dir='ltr'><strong>hominum</strong></span> <span class='ocrx_word' id='word_1_174' title='bbox 702 2850 908 2917; x_wconf 91' lang='lat' dir='ltr'><strong>multitudine</strong></span> <span class='ocrx_word' id='word_1_175' title='bbox 931 2857 998 2932; x_wconf 90' lang='lat' dir='ltr'><strong>aut,</strong></span> <span class='ocrx_word' id='word_1_176' title='bbox 1021 2858 1059 2918; x_wconf 91' lang='lat' dir='ltr'><strong>ut</strong></span> <span class='ocrx_word' id='word_1_177' title='bbox 1075 2851 1184 2919; x_wconf 88' lang='lat' dir='ltr'><strong>verius</strong></span> <span class='ocrx_word' id='word_1_178' title='bbox 1199 2851 1322 2938; x_wconf 90' lang='lat' dir='ltr'><strong>dicam,</strong></span> 
     </span>
     <span class='ocr_line' id='line_1_26' title="bbox 150 2954 1322 3045; baseline 0.001 -21"><span class='ocrx_word' id='word_1_179' title='bbox 150 2958 293 3024; x_wconf 92' lang='lat' dir='ltr'><strong>omnium</strong></span> <span class='ocrx_word' id='word_1_180' title='bbox 314 2978 416 3043; x_wconf 89' lang='lat' dir='ltr'><strong>prope</strong></span> <span class='ocrx_word' id='word_1_181' title='bbox 439 2956 584 3041; x_wconf 87' lang='lat' dir='ltr'><strong>gentium</strong></span> <span class='ocrx_word' id='word_1_182' title='bbox 607 2954 795 3037; x_wconf 90' lang='lat' dir='ltr'><strong>colluvione,</strong></span> <span class='ocrx_word' id='word_1_183' title='bbox 818 2978 859 3021; x_wconf 89' lang='lat' dir='ltr'><strong>ne</strong></span> <span class='ocrx_word' id='word_1_184' title='bbox 883 2979 982 3023; x_wconf 91' lang='lat' dir='ltr'><strong>unum</strong></span> <span class='ocrx_word' id='word_1_185' title='bbox 1006 2958 1136 3043; x_wconf 92' lang='lat' dir='ltr'><strong>quidem</strong></span> <span class='ocrx_word' id='word_1_186' title='bbox 1150 2979 1211 3043; x_wconf 88' lang='lat' dir='ltr'><strong>pro</strong></span> <span class='ocrx_word' id='word_1_187' title='bbox 1233 2981 1322 3045; x_wconf 85' lang='lat' dir='ltr'><strong>pras-</strong></span> 
     </span>
     <span class='ocr_line' id='line_1_27' title="bbox 151 3062 1320 3149; baseline 0.002 -20"><span class='ocrx_word' id='word_1_188' title='bbox 151 3064 235 3129; x_wconf 85' lang='lat' dir='ltr'><strong>ssnti</strong></span> <span class='ocrx_word' id='word_1_189' title='bbox 266 3065 459 3129; x_wconf 87' lang='lat' dir='ltr'><strong>necestitate</strong></span> <span class='ocrx_word' id='word_1_190' title='bbox 488 3062 639 3128; x_wconf 92' lang='lat' dir='ltr'><strong>idoneum</strong></span> <span class='ocrx_word' id='word_1_191' title='bbox 681 3063 874 3145; x_wconf 88' lang='lat' dir='ltr'><strong>scriptorem</strong></span> <span class='ocrx_word' id='word_1_192' title='bbox 904 3063 1080 3129; x_wconf 87' lang='lat' dir='ltr'><strong>invenerim</strong></span> <span class='ocrx_word' id='word_1_193' title='bbox 1110 3084 1216 3149; x_wconf 87' lang='lat' dir='ltr'><strong>neque</strong></span> <span class='ocrx_word' id='word_1_194' title='bbox 1238 3086 1320 3132; x_wconf 88' lang='lat' dir='ltr'><strong>vero</strong></span> 
     </span>
     <span class='ocr_line' id='line_1_28' title="bbox 150 3167 1320 3252; baseline 0.005 -20"><span class='ocrx_word' id='word_1_195' title='bbox 150 3167 249 3233; x_wconf 89' lang='lat' dir='ltr'><strong>alium</strong></span> <span class='ocrx_word' id='word_1_196' title='bbox 270 3169 455 3252; x_wconf 84' lang='lat' dir='ltr'><strong>quempiam</strong></span> <span class='ocrx_word' id='word_1_197' title='bbox 470 3167 625 3234; x_wconf 90' lang='lat' dir='ltr'><strong>Bertoldo</strong></span> <span class='ocrx_word' id='word_1_198' title='bbox 642 3173 755 3232; x_wconf 90' lang='lat' dir='ltr'><strong>nostro</strong></span> <span class='ocrx_word' id='word_1_199' title='bbox 776 3168 882 3234; x_wconf 89' lang='lat' dir='ltr'><strong>adhuc</strong></span> <span class='ocrx_word' id='word_1_200' title='bbox 897 3168 1103 3236; x_wconf 87' lang='lat' dir='ltr'><strong>febricitante</strong></span> <span class='ocrx_word' id='word_1_201' title='bbox 1125 3169 1169 3237; x_wconf 88' lang='lat' dir='ltr'><strong>ad</strong></span> <span class='ocrx_word' id='word_1_202' title='bbox 1184 3191 1320 3239; x_wconf 89' lang='lat' dir='ltr'><strong>manum</strong></span> 
     </span>
     <span class='ocr_line' id='line_1_29' title="bbox 150 3271 1320 3360; baseline 0.005 -23"><span class='ocrx_word' id='word_1_203' title='bbox 150 3272 238 3339; x_wconf 91' lang='lat' dir='ltr'><strong>domi</strong></span> <span class='ocrx_word' id='word_1_204' title='bbox 266 3271 450 3354; x_wconf 88' lang='lat' dir='ltr'><strong>habuerim,</strong></span> <span class='ocrx_word' id='word_1_205' title='bbox 493 3274 548 3357; x_wconf 91' lang='lat' dir='ltr'><strong>qui</strong></span> <span class='ocrx_word' id='word_1_206' title='bbox 576 3274 756 3339; x_wconf 90' lang='lat' dir='ltr'><strong>orationem</strong></span> <span class='ocrx_word' id='word_1_207' title='bbox 783 3279 876 3340; x_wconf 89' lang='lat' dir='ltr'><strong>tuam</strong></span> <span class='ocrx_word' id='word_1_208' title='bbox 900 3276 1098 3360; x_wconf 82' lang='lat' dir='ltr'><strong>elegantiore</strong></span> <span class='ocrx_word' id='word_1_209' title='bbox 1120 3275 1220 3342; x_wconf 89' lang='lat' dir='ltr'><strong>litera</strong></span> <span class='ocrx_word' id='word_1_210' title='bbox 1240 3297 1320 3343; x_wconf 85' lang='lat' dir='ltr'><strong>exa·</strong></span> 
     </span>
    </p>
   </div>
   <div class='ocr_carea' id='block_1_8' title="bbox 150 3376 1319 3530">
    <p class='ocr_par' dir='ltr' id='par_1_9' title="bbox 150 3376 1319 3530">
     <span class='ocr_line' id='line_1_30' title="bbox 150 3376 1319 3467; baseline 0.005 -24"><span class='ocrx_word' id='word_1_211' title='bbox 150 3384 249 3458; x_wconf 90' lang='lat' dir='ltr'><strong>raret,</strong></span> <span class='ocrx_word' id='word_1_212' title='bbox 272 3377 306 3442; x_wconf 93' lang='lat' dir='ltr'><strong>id</strong></span> <span class='ocrx_word' id='word_1_213' title='bbox 329 3376 417 3460; x_wconf 88' lang='lat' dir='ltr'><strong>quod</strong></span> <span class='ocrx_word' id='word_1_214' title='bbox 439 3383 476 3442; x_wconf 90' lang='lat' dir='ltr'><strong>tu</strong></span> <span class='ocrx_word' id='word_1_215' title='bbox 498 3378 650 3445; x_wconf 90' lang='lat' dir='ltr'><strong>hesterno</strong></span> <span class='ocrx_word' id='word_1_216' title='bbox 674 3378 725 3445; x_wconf 90' lang='lat' dir='ltr'><strong>die</strong></span> <span class='ocrx_word' id='word_1_217' title='bbox 748 3400 808 3464; x_wconf 90' lang='lat' dir='ltr'><strong>per</strong></span> <span class='ocrx_word' id='word_1_218' title='bbox 832 3381 1031 3463; x_wconf 83' lang='lat' dir='ltr'><strong>epistolam⁵</strong></span> <span class='ocrx_word' id='word_1_219' title='bbox 1067 3387 1240 3467; x_wconf 87' lang='lat' dir='ltr'><strong>tantopere</strong></span> <span class='ocrx_word' id='word_1_220' title='bbox 1272 3383 1319 3449; x_wconf 88' lang='lat' dir='ltr'><strong>ef-</strong></span> 
     </span>
     <span class='ocr_line' id='line_1_31' title="bbox 731 3495 750 3530; baseline 0 0"><span class='ocrx_word' id='word_1_221' title='bbox 731 3495 750 3530; x_wconf 74' lang='lat' dir='ltr'><strong>a</strong></span> 
     </span>
    </p>
   </div>
   <div class='ocr_carea' id='block_1_9' title="bbox 147 3556 1316 3696">
    <p class='ocr_par' dir='ltr' id='par_1_10' title="bbox 147 3556 1316 3696">
     <span class='ocr_line' id='line_1_32' title="bbox 147 3556 1316 3623; baseline 0.008 -18"><span class='ocrx_word' id='word_1_222' title='bbox 147 3561 223 3605; x_wconf 88' lang='lat' dir='ltr'><strong>unter</strong></span> <span class='ocrx_word' id='word_1_223' title='bbox 240 3556 299 3606; x_wconf 90' lang='lat' dir='ltr'><strong>dem</strong></span> <span class='ocrx_word' id='word_1_224' title='bbox 320 3570 415 3605; x_wconf 90' lang='lat' dir='ltr'><strong>namen</strong></span> <span class='ocrx_word' id='word_1_225' title='bbox 433 3556 496 3607; x_wconf 90' lang='lat' dir='ltr'><strong>Pius</strong></span> <span class='ocrx_word' id='word_1_226' title='bbox 517 3558 562 3619; x_wconf 89' lang='grc' dir='ltr'>ΙΙΙ,</span> <span class='ocrx_word' id='word_1_227' title='bbox 585 3557 639 3623; x_wconf 85' lang='lat' dir='ltr'><strong>vgl.</strong></span> <span class='ocrx_word' id='word_1_228' title='bbox 660 3556 779 3608; x_wconf 82' lang='lat' dir='ltr'><strong>Oiaconii</strong></span> <span class='ocrx_word' id='word_1_229' title='bbox 800 3556 867 3608; x_wconf 87' lang='lat' dir='ltr'><strong>Vitae</strong></span> <span class='ocrx_word' id='word_1_230' title='bbox 884 3559 1046 3611; x_wconf 89' lang='lat' dir='ltr'><strong>Pontificum</strong></span> <span class='ocrx_word' id='word_1_231' title='bbox 1065 3561 1242 3612; x_wconf 86' lang='lat' dir='ltr'><strong>Romanorum</strong></span> <span class='ocrx_word' id='word_1_232' title='bbox 1260 3567 1316 3615; x_wconf 84' lang='lat' dir='ltr'><strong>ete.</strong></span> 
     </span>
     <span class='ocr_line' id='line_1_33' title="bbox 148 3642 595 3696; baseline 0 0"><span class='ocrx_word' id='word_1_233' title='bbox 148 3642 242 3696; x_wconf 76' lang='lat'>11001.</span> <span class='ocrx_word' id='word_1_234' title='bbox 265 3643 454 3695; x_wconf 69' lang='lat' dir='ltr'><strong>rotemero</strong></span> <span class='ocrx_word' id='word_1_235' title='bbox 474 3645 527 3696; x_wconf 87' lang='lat' dir='ltr'><strong>vol.</strong></span> <span class='ocrx_word' id='word_1_236' title='bbox 549 3647 595 3696; x_wconf 87' lang='lat'>111.</span> 
     </span>
    </p>
   </div>
   <div class='ocr_carea' id='block_1_10' title="bbox 62 3730 1318 4422">
    <p class='ocr_par' dir='ltr' id='par_1_11' title="bbox 62 3730 1318 4422">
     <span class='ocr_line' id='line_1_34' title="bbox 220 3730 1318 3799; baseline 0.006 -17"><span class='ocrx_word' id='word_1_237' title='bbox 220 3737 232 3782; x_wconf 93' lang='lat'>1</span> <span class='ocrx_word' id='word_1_238' title='bbox 253 3730 354 3799; x_wconf 82' lang='lat' dir='ltr'><strong>literas]</strong></span> <span class='ocrx_word' id='word_1_239' title='bbox 374 3732 467 3783; x_wconf 85' lang='lat' dir='ltr'><strong>Dieser</strong></span> <span class='ocrx_word' id='word_1_240' title='bbox 485 3733 556 3785; x_wconf 82' lang='lat' dir='ltr'><strong>brial</strong></span> <span class='ocrx_word' id='word_1_241' title='bbox 572 3735 606 3783; x_wconf 92' lang='lat' dir='ltr'><strong>ist</strong></span> <span class='ocrx_word' id='word_1_242' title='bbox 624 3733 708 3785; x_wconf 84' lang='lat' dir='ltr'><strong>leider</strong></span> <span class='ocrx_word' id='word_1_243' title='bbox 725 3734 800 3784; x_wconf 89' lang='lat' dir='ltr'><strong>nicht</strong></span> <span class='ocrx_word' id='word_1_244' title='bbox 822 3734 951 3785; x_wconf 85' lang='lat' dir='ltr'><strong>erhalten:</strong></span> <span class='ocrx_word' id='word_1_245' title='bbox 977 3735 1106 3786; x_wconf 89' lang='lat' dir='ltr'><strong>Reuchlin</strong></span> <span class='ocrx_word' id='word_1_246' title='bbox 1129 3736 1234 3787; x_wconf 85' lang='lat' dir='ltr'><strong>scheint</strong></span> <span class='ocrx_word' id='word_1_247' title='bbox 1255 3737 1318 3789; x_wconf 84' lang='lat' dir='ltr'><strong>sich</strong></span> 
     </span>
     <span class='ocr_line' id='line_1_35' title="bbox 144 3820 1318 3890; baseline 0.007 -19"><span class='ocrx_word' id='word_1_248' title='bbox 144 3820 188 3871; x_wconf 88' lang='lat' dir='ltr'><strong>bci</strong></span> <span class='ocrx_word' id='word_1_249' title='bbox 208 3820 253 3872; x_wconf 86' lang='lat' dir='ltr'><strong>der</strong></span> <span class='ocrx_word' id='word_1_250' title='bbox 275 3821 330 3871; x_wconf 91' lang='lat' dir='ltr'><strong>ihm</strong></span> <span class='ocrx_word' id='word_1_251' title='bbox 353 3836 413 3872; x_wconf 90' lang='lat' dir='ltr'><strong>vom</strong></span> <span class='ocrx_word' id='word_1_252' title='bbox 436 3822 600 3872; x_wconf 84' lang='lat' dir='ltr'><strong>churfiirsten</strong></span> <span class='ocrx_word' id='word_1_253' title='bbox 619 3822 725 3888; x_wconf 90' lang='lat' dir='ltr'><strong>Philipp</strong></span> <span class='ocrx_word' id='word_1_254' title='bbox 750 3823 956 3889; x_wconf 78' lang='lat' dir='ltr'><strong>ausgetraganen</strong></span> <span class='ocrx_word' id='word_1_255' title='bbox 980 3823 1181 3890; x_wconf 85' lang='lat' dir='ltr'><strong>gesandtschaft</strong></span> <span class='ocrx_word' id='word_1_256' title='bbox 1205 3841 1238 3874; x_wconf 88' lang='lat' dir='ltr'><strong>an</strong></span> <span class='ocrx_word' id='word_1_257' title='bbox 1263 3825 1318 3879; x_wconf 84' lang='lat' dir='ltr'><strong>den</strong></span> 
     </span>
     <span class='ocr_line' id='line_1_36' title="bbox 143 3909 1318 3978; baseline 0.005 -19"><span class='ocrx_word' id='word_1_258' title='bbox 143 3915 221 3978; x_wconf 85' lang='lat' dir='ltr'><strong>papst</strong></span> <span class='ocrx_word' id='word_1_259' title='bbox 239 3909 390 3961; x_wconf 81' lang='lat' dir='ltr'><strong>Alexander</strong></span> <span class='ocrx_word' id='word_1_260' title='bbox 410 3910 445 3960; x_wconf 89' lang='lat' dir='ltr'><strong>Vl</strong></span> <span class='ocrx_word' id='word_1_261' title='bbox 463 3911 490 3959; x_wconf 89' lang='lat' dir='ltr'><strong>in</strong></span> <span class='ocrx_word' id='word_1_262' title='bbox 511 3909 691 3977; x_wconf 83' lang='lat' dir='ltr'><strong>vetlegenheit</strong></span> <span class='ocrx_word' id='word_1_263' title='bbox 717 3926 808 3978; x_wconf 84' lang='lat' dir='ltr'><strong>wagan</strong></span> <span class='ocrx_word' id='word_1_264' title='bbox 833 3912 1005 3977; x_wconf 80' lang='lat' dir='ltr'><strong>mangelnder</strong></span> <span class='ocrx_word' id='word_1_265' title='bbox 1028 3912 1190 3962; x_wconf 82' lang='lat' dir='ltr'><strong>instrulrtion</strong></span> <span class='ocrx_word' id='word_1_266' title='bbox 1210 3929 1243 3965; x_wconf 85' lang='grc'><strong>1111</strong></span> <span class='ocrx_word' id='word_1_267' title='bbox 1263 3913 1318 3965; x_wconf 84' lang='lat' dir='ltr'><strong>den</strong></span> 
     </span>
     <span class='ocr_line' id='line_1_37' title="bbox 144 3996 1318 4062; baseline 0.007 -15"><span class='ocrx_word' id='word_1_268' title='bbox 144 3996 263 4047; x_wconf 85' lang='lat' dir='ltr'><strong>cardinal</strong></span> <span class='ocrx_word' id='word_1_269' title='bbox 286 3999 386 4062; x_wconf 83' lang='lat' dir='ltr'><strong>Franz,</strong></span> <span class='ocrx_word' id='word_1_270' title='bbox 411 3998 505 4049; x_wconf 76' lang='lat' dir='ltr'><strong>descen</strong></span> <span class='ocrx_word' id='word_1_271' title='bbox 531 3998 716 4050; x_wconf 81' lang='lat' dir='ltr'><strong>freundscbalt</strong></span> <span class='ocrx_word' id='word_1_272' title='bbox 740 3999 789 4048; x_wconf 89' lang='lat' dir='ltr'><strong>mit</strong></span> <span class='ocrx_word' id='word_1_273' title='bbox 810 4000 840 4049; x_wconf 88' lang='lat' dir='ltr'><strong>R.</strong></span> <span class='ocrx_word' id='word_1_274' title='bbox 859 4014 909 4050; x_wconf 87' lang='lat' dir='ltr'><strong>uns</strong></span> <span class='ocrx_word' id='word_1_275' title='bbox 932 3999 1037 4050; x_wconf 80' lang='lat' dir='ltr'><strong>freilich</strong></span> <span class='ocrx_word' id='word_1_276' title='bbox 1056 4001 1147 4051; x_wconf 86' lang='lat' dir='ltr'><strong>vveiter</strong></span> <span class='ocrx_word' id='word_1_277' title='bbox 1169 4001 1244 4052; x_wconf 88' lang='lat' dir='ltr'><strong>nicht</strong></span> <span class='ocrx_word' id='word_1_278' title='bbox 1268 4003 1318 4055; x_wconf 86' lang='lat' dir='ltr'><strong>be·</strong></span> 
     </span>
     <span class='ocr_line' id='line_1_38' title="bbox 62 4070 1317 4155; baseline 0.006 -20"><span class='ocrx_word' id='word_1_279' title='bbox 62 4134 71 4147; x_wconf 81' lang='grc'><em>,</em></span> <span class='ocrx_word' id='word_1_280' title='bbox 142 4090 224 4150; x_wconf 78' lang='lat' dir='ltr'><strong>neugt</strong></span> <span class='ocrx_word' id='word_1_281' title='bbox 241 4086 284 4149; x_wconf 85' lang='lat' dir='ltr'><strong>iet,</strong></span> <span class='ocrx_word' id='word_1_282' title='bbox 305 4070 350 4137; x_wconf 84' lang='lat' dir='ltr'><strong>um</strong></span> <span class='ocrx_word' id='word_1_283' title='bbox 367 4087 425 4137; x_wconf 85' lang='lat' dir='ltr'><strong>rath</strong></span> <span class='ocrx_word' id='word_1_284' title='bbox 445 4087 582 4152; x_wconf 85' lang='lat' dir='ltr'><strong>gewendet</strong></span> <span class='ocrx_word' id='word_1_285' title='bbox 601 4103 633 4136; x_wconf 83' lang='lat' dir='ltr'><strong>nu</strong></span> <span class='ocrx_word' id='word_1_286' title='bbox 652 4086 746 4138; x_wconf 87' lang='lat' dir='ltr'><strong>haben.</strong></span> <span class='ocrx_word' id='word_1_287' title='bbox 780 4087 848 4135; x_wconf 88' lang='lat' dir='ltr'><strong>Dass</strong></span> <span class='ocrx_word' id='word_1_288' title='bbox 862 4087 891 4136; x_wconf 86' lang='lat' dir='ltr'><strong>R.</strong></span> <span class='ocrx_word' id='word_1_289' title='bbox 911 4086 946 4136; x_wconf 90' lang='lat' dir='ltr'><strong>im</strong></span> <span class='ocrx_word' id='word_1_290' title='bbox 960 4087 1018 4137; x_wconf 87' lang='lat' dir='ltr'><strong>Juli</strong></span> <span class='ocrx_word' id='word_1_291' title='bbox 1035 4089 1101 4139; x_wconf 86' lang='grc'><strong>1499</strong></span> <span class='ocrx_word' id='word_1_292' title='bbox 1120 4089 1147 4137; x_wconf 90' lang='lat' dir='ltr'><strong>in</strong></span> <span class='ocrx_word' id='word_1_293' title='bbox 1167 4090 1232 4140; x_wconf 86' lang='lat' dir='ltr'><strong>Rom</strong></span> <span class='ocrx_word' id='word_1_294' title='bbox 1250 4105 1317 4155; x_wconf 79' lang='lat' dir='ltr'><strong>war,</strong></span> 
     </span>
     <span class='ocr_line' id='line_1_39' title="bbox 144 4171 1317 4242; baseline 0.008 -21"><span class='ocrx_word' id='word_1_295' title='bbox 144 4171 256 4223; x_wconf 88' lang='lat' dir='ltr'><strong>dariiber</strong></span> <span class='ocrx_word' id='word_1_296' title='bbox 274 4174 328 4238; x_wconf 81' lang='lat' dir='ltr'><strong>vgl.</strong></span> <span class='ocrx_word' id='word_1_297' title='bbox 349 4173 390 4224; x_wconf 90' lang='lat' dir='ltr'><strong>die</strong></span> <span class='ocrx_word' id='word_1_298' title='bbox 409 4175 537 4226; x_wconf 88' lang='lat' dir='ltr'><strong>Reuchlin</strong></span> <span class='ocrx_word' id='word_1_299' title='bbox 557 4190 579 4225; x_wconf 88' lang='lat' dir='ltr'><strong>s.</strong></span> <span class='ocrx_word' id='word_1_300' title='bbox 599 4179 632 4224; x_wconf 80' lang='lat'><strong>47</strong></span> <span class='ocrx_word' id='word_1_301' title='bbox 655 4191 678 4225; x_wconf 90' lang='lat' dir='ltr'><strong>a.</strong></span> <span class='ocrx_word' id='word_1_302' title='bbox 697 4174 873 4240; x_wconf 83' lang='lat' dir='ltr'><strong>mitgetheilte</strong></span> <span class='ocrx_word' id='word_1_303' title='bbox 891 4175 973 4225; x_wconf 85' lang='lat' dir='ltr'><strong>notin.</strong></span> <span class='ocrx_word' id='word_1_304' title='bbox 1029 4179 1043 4225; x_wconf 80' lang='lat'><strong>2</strong></span> <span class='ocrx_word' id='word_1_305' title='bbox 1064 4177 1176 4242; x_wconf 84' lang='lat' dir='ltr'><strong>potuisti</strong></span> <span class='ocrx_word' id='word_1_306' title='bbox 1196 4182 1220 4228; x_wconf 82' lang='lat'><strong>2.</strong></span> <span class='ocrx_word' id='word_1_307' title='bbox 1239 4179 1317 4230; x_wconf 86' lang='lat' dir='ltr'><strong>Prin·</strong></span> 
     </span>
     <span class='ocr_line' id='line_1_40' title="bbox 143 4259 1316 4330; baseline 0.008 -21"><span class='ocrx_word' id='word_1_308' title='bbox 143 4259 214 4326; x_wconf 84' lang='lat' dir='ltr'><strong>ceps]</strong></span> <span class='ocrx_word' id='word_1_309' title='bbox 233 4260 365 4311; x_wconf 83' lang='lat' dir='ltr'><strong>chursv&#39;lret</strong></span> <span class='ocrx_word' id='word_1_310' title='bbox 390 4261 494 4329; x_wconf 84' lang='lat' dir='ltr'><strong>Philipp</strong></span> <span class='ocrx_word' id='word_1_311' title='bbox 519 4263 561 4330; x_wconf 82' lang='lat' dir='ltr'><strong>D.]</strong></span> <span class='ocrx_word' id='word_1_312' title='bbox 587 4264 789 4314; x_wconf 85' lang='lat' dir='ltr'><strong>Dominationis.</strong></span> <span class='ocrx_word' id='word_1_313' title='bbox 859 4265 873 4311; x_wconf 86' lang='lat'><strong>3</strong></span> <span class='ocrx_word' id='word_1_314' title='bbox 893 4262 1067 4313; x_wconf 75' lang='lat' dir='ltr'><strong>Alexandrini</strong></span> <span class='ocrx_word' id='word_1_315' title='bbox 1087 4269 1111 4316; x_wconf 84' lang='lat'><strong>2.</strong></span> <span class='ocrx_word' id='word_1_316' title='bbox 1177 4265 1316 4319; x_wconf 84' lang='lat' dir='ltr'><strong>4M.DII.</strong></span> 
     </span>
     <span class='ocr_line' id='line_1_41' title="bbox 144 4349 1315 4422; baseline 0.007 -25"><span class='ocrx_word' id='word_1_317' title='bbox 144 4349 167 4401; x_wconf 79' lang='lat'><strong>2.</strong></span> <span class='ocrx_word' id='word_1_318' title='bbox 182 4349 205 4405; x_wconf 69' lang='grc' dir='ltr'><strong>ὅ,</strong></span> <span class='ocrx_word' id='word_1_319' title='bbox 258 4349 274 4398; x_wconf 79' lang='lat'><strong>5</strong></span> <span class='ocrx_word' id='word_1_320' title='bbox 294 4350 381 4400; x_wconf 88' lang='lat' dir='ltr'><strong>Wann</strong></span> <span class='ocrx_word' id='word_1_321' title='bbox 393 4349 521 4409; x_wconf 87' lang='lat' dir='ltr'><strong>Reuehlin</strong></span> <span class='ocrx_word' id='word_1_322' title='bbox 541 4367 592 4403; x_wconf 81' lang='lat' dir='ltr'><strong>von</strong></span> <span class='ocrx_word' id='word_1_323' title='bbox 604 4352 670 4411; x_wconf 77' lang='lat' dir='ltr'><strong>aem</strong></span> <span class='ocrx_word' id='word_1_324' title='bbox 687 4352 755 4403; x_wconf 85' lang='lat' dir='ltr'><strong>nach</strong></span> <span class='ocrx_word' id='word_1_325' title='bbox 769 4351 932 4422; x_wconf 78' lang='lat' dir='ltr'><strong>Heidelberg</strong></span> <span class='ocrx_word' id='word_1_326' title='bbox 951 4352 1153 4419; x_wconf 80' lang='lat' dir='ltr'><strong>auriickhehrte,</strong></span> <span class='ocrx_word' id='word_1_327' title='bbox 1173 4353 1240 4418; x_wconf 79' lang='lat' dir='ltr'><strong>itast</strong></span> <span class='ocrx_word' id='word_1_328' title='bbox 1252 4355 1315 4421; x_wconf 68' lang='lat' dir='ltr'><strong>sich</strong></span> 
     </span>
    </p>
   </div>
   <div class='ocr_carea' id='block_1_11' title="bbox 0 0 1411 4980">
    <p class='ocr_par' dir='ltr' id='par_1_12' title="bbox 0 0 1411 4980">
     <span class='ocr_line' id='line_1_42' title="bbox 0 0 1411 4980; baseline 0 0"><span class='ocrx_word' id='word_1_329' title='bbox 0 0 1411 4980; x_wconf 95' lang='lat' dir='ltr'><strong> </strong></span> 
     </span>
    </p>
   </div>
  </div>
 </body>
</html>
