2798 4980
668 340 731 406 163

119 528 197 610 beot,
220 549 262 594 ne
287 529 477 595 scandalum
500 529 597 613 passi,
621 535 654 595 te
677 529 777 597 alium
801 531 986 598 existiment
1005 555 1103 618 quam
1119 535 1277 602 catholice

116 641 146 700 et
166 642 257 700 recte
289 634 329 700 de
361 632 425 700 fide
456 638 490 699 et
520 633 747 703 ecelesiasticis
776 637 989 720 scriptoribus
1012 640 1214 720 sentientem,
1238 662 1277 705 ac

114 739 233 806 Judaeis
262 761 439 824 eorumque
468 737 600 824 perfidis
624 747 658 807 et
681 741 879 839 blasphemis
901 742 1003 823 libris,
1031 750 1066 810 et
1087 746 1277 811 nominatim

114 843 272 910 Thalmud
297 844 532 912 adversantem.
715 840 718 844 ⁵

201 951 271 1016 Scis
299 952 384 1016 enim
408 952 563 1036 scriptum
587 971 678 1017 esse:
715 952 769 1018 Vae
798 951 919 1018 homiui
941 975 1000 1038 per
1024 975 1120 1039 quem
1143 956 1278 1021 scande·
1315 1031 1319 1038 ,

113 1055 178 1120 lum
202 1057 299 1122 venit.
354 1056 423 1123 Scis
451 1077 580 1142 quoque
609 1077 708 1140 quam
736 1077 865 1141 poenam
890 1061 1009 1125 veritas
1031 1061 1207 1145 injunxerit
1228 1061 1277 1125 illi

113 1161 168 1246 qui
197 1161 314 1227 saltem
348 1183 445 1229 unum
477 1163 517 1228 de
545 1161 673 1247 pusillis
701 1163 782 1243 suia,
813 1185 894 1248 quos
925 1166 1079 1248 sanguine
1111 1169 1278 1247 coemerit,

112 1267 389 1333 scandalizaverit.
437 1267 489 1334 Sic
521 1289 596 1351 ergo
625 1266 773 1351 religiose
803 1291 955 1354 magnum
978 1271 1192 1356 Augustinum
1220 1294 1279 1338 cae-

111 1378 264 1457 torosque
295 1373 470 1458 praeclaros
499 1375 585 1438 viros
614 1373 761 1438 imitatus
784 1373 900 1460 face(!)
920 1377 940 1440 ¹.
985 1375 1034 1440 Ne
1057 1379 1085 1442 si
1107 1377 1190 1444 forte
1207 1400 1277 1463 quae

110 1500 277 1545 monemus
300 1500 363 1544 non
386 1477 511 1559 fierent,
544 1478 631 1563 quod
653 1485 763 1545 tamen
786 1481 826 1546 de
850 1487 884 1546 te
907 1482 1068 1564 suspicari
1091 1484 1182 1550 nobis
1213 1491 1277 1550 tuae

111 1583 153 1648 ad
181 1605 240 1650 nos
268 1584 371 1650 literar
399 1585 483 1650 datae
507 1584 520 1622 ²
543 1606 606 1650 non
630 1584 751 1666 sinunt,
776 1607 857 1670 opus
879 1585 933 1665 sit,
956 1593 993 1650 ut
1015 1609 1074 1671 per
1106 1588 1196 1653 illum
1226 1588 1277 1654 vel

109 1688 181 1756 illos
205 1689 249 1755 ad
272 1712 369 1776 quem
391 1689 443 1754 vel
466 1711 547 1774 quos
574 1689 608 1754 id
645 1695 795 1774 spectare
823 1690 953 1756 videtur
987 1697 1020 1755 te
1047 1691 1202 1758 faciamus
1233 1693 1276 1759 ad

109 1818 167 1862 nos
196 1797 340 1863 vocari.
386 1795 454 1861 Nee
476 1794 537 1860 hoc
558 1795 671 1880 iniquo
696 1818 754 1861 nos
777 1796 909 1881 putabis
933 1796 1040 1863 animo
1065 1797 1187 1877 facere3
1219 1798 1277 1865 sed

110 1902 237 1987 integra
266 1903 309 1968 ad
336 1909 369 1968 te
393 1902 568 1981 charitate,
599 1908 759 1987 quatenus
788 1922 852 1966 non
874 1923 933 1985 per
956 1901 1054 1967 alium
1082 1904 1275 1987 quempiam,

109 2008 166 2074 sed
189 2031 249 2092 per
271 2009 411 2091 teipsum
434 2030 487 2073 res
510 2006 686 2072 christiano
711 2007 929 2073 moderamine
958 2009 1147 2090 corrigatur.
1195 2008 1277 2086 Quia

109 2113 355 2180 scribendarum
384 2119 417 2179 et
448 2112 732 2178 rescribendarum
765 2112 933 2178 literarum
963 2112 1077 2178 tardus
1109 2112 1193 2179 forte
1222 2121 1280 2179 aut

110 2217 219 2285 nullus
250 2223 337 2284 esset
364 2216 445 2283 finis.
493 2219 535 2284 Et
562 2218 665 2299 nosti,
698 2218 732 2283 in
754 2216 805 2282 his
829 2216 927 2283 rebus
949 2239 1014 2284 non
1037 2224 1164 2284 tantum
1187 2218 1280 2284 nobis

111 2330 269 2409 quantum
304 2322 432 2391 Christo
473 2329 506 2388 et
543 2322 686 2389 eeclesiae
722 2343 846 2388 moram
880 2322 1095 2407 perniciosam
1134 2344 1205 2390 esse
1246 2328 1280 2388 et

111 2427 311 2496 damnosam.
357 2429 399 2494 Et
428 2450 502 2495 mox
531 2428 720 2494 scandalum
755 2427 845 2494 velut
878 2428 1022 2512 gladium
1059 2450 1122 2514 quo
1156 2428 1278 2494 incauti

110 2541 270 2601 necantur
293 2556 363 2600 esse
387 2534 651 2601 submovendum.
698 2532 882 2600 Christiano
906 2535 1004 2601 etiam
1027 2535 1170 2614 cuilibet,
1194 2540 1278 2599 teste

112 2640 278 2726 Apostolo,
302 2661 364 2706 non
388 2639 491 2706 solum
514 2639 643 2706 amalo
667 2639 725 2704 sed
750 2643 784 2704 et
805 2637 848 2704 ab
872 2639 959 2705 omni
988 2640 1095 2724 specie
1123 2640 1200 2706 mali
1224 2639 1281 2705 ab·

112 2747 306 2815 stinendum.
1208 2752 1211 2759 ’

200 2851 315 2937 Neque
349 2850 384 2917 id
416 2850 477 2917 tibi
500 2871 596 2934 grave
620 2854 678 2915 aut
702 2849 829 2915 difficile
860 2849 1044 2929 existimes,
1078 2848 1155 2934 qnia
1189 2846 1278 2913 nullo

112 2978 256 3042 unquam
287 2955 446 3022 sacrificio
470 2957 574 3022 Deum
603 2977 764 3032 summum
792 2953 917 3038 gratius
945 2954 1107 3039 placueris
1131 2951 1279 3036 quamsi

111 3061 146 3127 id
169 3069 203 3128 te
228 3061 315 3146 quod
337 3061 507 3129 hortamur
530 3061 637 3127 facere
661 3082 724 3126 non
746 3059 891 3144 pudebit,
914 3058 1058 3144 prudens
1086 3078 1216 3141 nanque
1247 3079 1280 3122 es

113 3173 147 3233 et
169 3167 265 3233 facile
289 3168 448 3253 conjicere
470 3173 581 3253 potes,
611 3167 638 3232 si
666 3188 730 3231 non
752 3164 868 3231 feceris
892 3169 925 3230 et
947 3185 1006 3231 nos
1037 3183 1166 3250 quoqne
1192 3169 1280 3246 post-

114 3294 212 3365 quam
244 3294 297 3338 res
329 3273 421 3340 uobis
454 3273 500 3340 sic
530 3272 672 3337 innotuit
699 3276 919 3355 torperemus,
943 3291 1059 3336 revers.
1082 3270 1183 3334 etiam
1205 3272 1281 3350 post

112 3384 253 3443 mortem
276 3384 365 3443 tuam
388 3399 452 3444 nou
483 3367 667 3457 defuturos,
692 3376 748 3460 qui
771 3377 847 3441 dum
871 3381 908 3441 tu
934 3396 1041 3460 neque
1064 3373 1153 3458 loqui
1176 3395 1282 3457 neque

113 3482 312 3567 respondere
334 3483 399 3548 illis
427 3504 552 3567 posses,
582 3489 692 3548 tamen
715 3481 800 3549 leoni
830 3487 959 3546 mortuo
991 3479 1128 3546 barbam
1151 3476 1281 3556 vellant,

114 3593 148 3654 et
175 3593 208 3652 te
239 3586 324 3653 forte
356 3588 389 3652 in
416 3609 481 3653 una
507 3594 633 3654 tartara
657 3586 825 3672 delapsum
849 3586 993 3670 legentes
1016 3591 1075 3652 tua
1098 3585 1221 3667 scripta
1247 3588 1283 3646 et

114 3694 263 3759 dicerent
293 3699 327 3757 et
357 3694 546 3759 scriberent.
605 3692 815 3774 ,Consortare
846 3711 922 3775 ergo
951 3696 985 3756 et
1025 3695 1095 3757 esto
1129 3687 1282 3754 robustus

114 3798 251 3864 induere
273 3798 464 3864 fortitudine
488 3805 545 3864 tua
562 3799 655 3865 Sion“
677 3797 698 3862 ³.
745 3797 820 3863 Nou¹
841 3797 903 3862 erit
926 3796 988 3860 tibi
1011 3796 1039 3861 si
1055 3794 1179 3871 feceris,
1195 3791 1284 3873 igno-

114 3903 216 3970 minia
234 3903 317 3984 ulla,
347 3903 405 3970 sed
427 3925 552 3970 summa
576 3902 694 3987 gloria,
722 3907 896 3987 postquam
919 3922 983 3966 non
1006 3900 1088 3964 alius
1112 3896 1282 3981 quispiam,

114 4010 176 4077 sed
213 4016 250 4076 tu
280 4009 378 4076 animi
409 4010 457 4076 tui
485 4009 588 4075 vietor
603 4010 606 4024 '
623 4009 663 4073 de
691 4008 795 4092 teipso
832 4003 1098 4090 triumphaveris,
1129 4022 1167 4065 ae
1197 3997 1283 4065 malo

114 4117 296 4182 daemonem
331 4115 509 4182 diminuti4
532 4113 663 4181 honoris
693 4118 751 4179 aut
782 4111 943 4194 dispendii
971 4110 1065 4175 famae
1093 4109 1284 4191 argumenta

113 4224 182 4290 tuis
206 4221 457 4306 cogitationibus
487 4221 686 4305 ingerentem
716 4216 883 4285 confusum
906 4237 944 4282 ao
967 4215 1090 4281 frustra
1113 4217 1285 4278 conantem

698 4368 716 4407 *

191 4469 202 4516 1
219 4463 276 4513 Fac
285 4464 309 4511 3.
356 4459 581 4512 anatalon-aa.
628 4460 643 4507 3
664 4453 828 4522 confortare]
843 4453 947 4518 desajos
957 4453 1001 4516 52,
1013 4457 1045 4584 pl
1060 4455 1099 4554 *4
1114 4448 1248 4500 Dominuti
1261 4450 1285 4500 2.
