2798 4980
670 329 736 396 217

119 516 231 585 doctor
254 515 433 601 theologiae,
461 515 636 584 Udalricus
666 518 753 606 dung
783 521 897 588 doctor
926 517 1109 600 medicinae,
1140 518 1284 588 Joannes

118 623 311 690 Faltermair
333 623 503 709 utriusque
529 624 613 709 juris
637 624 767 709 doctor;
791 626 951 712 Georgius
975 624 1157 692 Oberhoier
1181 625 1284 710 philo·

118 729 252 815 sophus;
287 729 429 796 Joannes
464 729 600 796 Vischer
636 751 677 797 ex
716 733 864 802 Dietiurt.
898 730 1127 817 philosophus;
1165 730 1283 798 nobilis

118 834 325 901 Guilhermus
349 834 534 915 Triinberk3
557 836 700 902 loannes
727 838 860 922 ngelin
893 836 1118 923 philosophus3
1141 835 1283 903 loannes

115 941 300 1007 Pinieianus
316 941 479 1025 presbiter
494 942 721 1025 Augustensis3
746 943 906 1010 Henricus
931 942 1097 1023 Vitellius3
1122 941 1284 1008 Eberhar·

117 1046 176 1112 dns
211 1068 286 1112 cum
320 1045 387 1111 filio
411 1069 471 1113 suo
494 1047 732 1116 Bartholomaeo
757 1050 886 1117 Caesare
916 1038 955 1116 de
979 1048 1164 1130 Forobaim,
1189 1069 1286 1133 quem

114 1151 389 1220 Bartholomaeum
426 1151 543 1238 puduit
575 1153 725 1222 fortassis
756 1157 892 1242 ¹scriptis
925 1156 991 1222 suis
1025 1175 1143 1221 nomen
1174 1174 1283 1221 meum

113 1258 266 1324 inserere.
311 1258 363 1324 Illi
390 1259 522 1344 inquam
552 1259 719 1328 auditores
747 1264 812 1328 mei
841 1261 957 1329 crebro
979 1282 1031 1326 me
1055 1259 1283 1339 sollicitarunt,

115 1370 151 1430 ut
174 1385 248 1449 quae
270 1364 381 1429 multis
411 1366 504 1430 annis
531 1364 713 1431 Germaniae
744 1373 863 1434 nostrae
896 1367 1033 1433 hebraeae
1055 1365 1174 1450 linguae
1196 1365 1285 1431 rudi·

114 1476 225 1536 menta
248 1468 456 1535 tradidissem
479 1470 512 1535 in
535 1491 633 1539 unum
656 1470 803 1541 libellum
825 1494 972 1557 cogerem
1004 1478 1037 1538 et
1066 1493 1125 1557 pro
1149 1471 1283 1556 publico

115 1574 283 1643 commodo
307 1575 446 1640 ederem.

203 1681 327 1747 Horum
352 1702 424 1765 ego,
452 1680 511 1746 sed
540 1681 679 1748 maxime
712 1684 862 1769 petitioni
890 1690 954 1750 tuae
985 1683 1126 1749 libenter
1160 1704 1283 1748 morem

114 1808 201 1872 gero.
246 1786 381 1853 laesisti
415 1786 554 1867 etenim,
588 1793 626 1854 ut
659 1789 843 1874 hujusmodi
878 1790 1068 1855 thesaurum
1102 1788 1283 1873 proferrem

113 1894 312 1978 largiterque
335 1893 531 1978 impertirer,
557 1915 621 1978 quo
643 1895 754 1960 multis
778 1895 1014 1975 commodarer;
1038 1901 1174 1978 paratus
1199 1917 1281 1975 sum,

114 1999 344 2065 humanissime
367 2005 568 2084 praeceptor,
602 2005 659 2066 tuo
686 2001 814 2068 nomine
849 1988 1081 2084 rempublicam
1104 2000 1284 2066 literariam

113 2105 278 2191 adjuvare.
327 2105 442 2171 Veram
472 2111 507 2171 et
532 2105 729 2172 succinctam
760 2112 870 2173 tamen
893 2106 1020 2190 legendi
1043 2106 1128 2171 viam
1153 2106 1282 2190 aperire

112 2211 269 2297 adjuncta
292 2210 405 2277 tabula
427 2233 500 2277 cum
523 2212 667 2292 caeteris,
692 2233 789 2298 quam
812 2218 944 2293 vocant,
976 2211 1086 2278 latinis
1110 2213 1283 2280 teutonicis

113 2324 146 2383 et
168 2316 310 2383 hebraeis
332 2316 436 2383 literis
460 2317 566 2383 tribus
589 2317 745 2384 columnis
769 2339 805 2384 se
827 2319 964 2384 invicem
980 2319 1282 2399 concomitantibus,

113 2423 161 2488 ita
193 2444 270 2487 vere
302 2429 339 2488 ut
373 2421 469 2488 facile
510 2422 707 2489 semidoctus
740 2423 953 2491 Hebraeorum
986 2430 1081 2490 notas
1113 2424 1284 2491 addiscere

114 2535 223 2614 queat,
247 2550 311 2613 quo
335 2528 452 2594 deinde
475 2535 549 2594 tuos
577 2528 650 2594 illos
681 2531 825 2614 egregios
855 2530 955 2596 libros
992 2529 1168 2596 studiosius
1200 2552 1285 2597 com-

113 2655 233 2718 parare
257 2640 292 2698 et
314 2634 519 2718 expeditius¹
544 2633 724 2718 intelligere
748 2636 885 2720 possint,
908 2636 964 2700 sed
988 2657 1093 2721 neque
1109 2635 1208 2700 ullam
1231 2657 1286 2701 ne·

114 2738 255 2826 gligendi
290 2739 436 2806 hebraeas
467 2739 579 2806 literas
603 2743 803 2807 occasionem
827 2739 1010 2820 habebunt,
1040 2762 1116 2805 <cum
1139 2746 1207 2804 tam
1232 2740 1285 2805 vili

114 2846 225 2932 precio
248 2852 375 2911 tantum
400 2867 515 2911 munus
540 2848 680 2931 empturi
703 2852 787 2911 sunt.
834 2845 952 2928 Accipe
975 2845 1082 2927 igitur,
1107 2844 1285 2910 clarissime

114 2953 176 3032 vir,
200 2951 346 3017 libellum
378 2951 462 3017 bunc
493 2953 527 3016 iu
556 2957 647 3018 tuam
674 2950 831 3029 tutelam,
861 2950 921 3015 tibi
952 2972 1025 3014 eum
1054 2950 1175 3028 dicavi,
1206 2956 1286 3015 tua

115 3057 284 3123 malevolis
308 3063 415 3123 tutum
438 3056 571 3136 reddes,
601 3064 639 3123 ut
667 3058 695 3122 si
725 3078 789 3142 qua
819 3077 900 3139 opus
932 3057 993 3120 erit
1025 3055 1102 3119 lima
1129 3055 1284 3139 purgabis

115 3172 216 3250 atque
242 3184 404 3248 emunges.
450 3163 532 3244 Scio,
555 3163 611 3229 ubi
635 3163 705 3248 ipse
728 3164 761 3229 in
785 3162 890 3229 lucem
906 3160 1102 3240 versabitur,
1125 3160 1204 3225 nulli
1221 3182 1283 3228 non

115 3277 228 3353 gratus
259 3270 340 3349 erit,
369 3268 444 3334 dum
475 3276 603 3335 tantum
637 3269 752 3335 ducem
787 3275 959 3354 patronum
987 3267 1147 3333 habuerit.
1197 3267 1285 3347 Vale,

115 3377 215 3442 trium
239 3376 421 3459 linguarum
444 3375 640 3459 peritissime
664 3375 818 3460 Capnion,
842 3396 958 3460 meque
982 3380 1074 3439 tuum
1090 3374 1285 3458 mancipium

116 3503 188 3548 esse
210 3483 350 3566 patiare.
397 3483 447 3546 Ex
470 3484 660 3564 Augustana
689 3487 801 3547 nostra
824 3481 949 3547 officina
972 3479 1142 3562 hebraica,
1167 3486 1285 3567 quarto

117 3608 221 3654 nonas
245 3587 342 3652 Junii.
389 3589 483 3652 Anno
510 3584 605 3652 1514.

182 3696 349 3756 Gedruckt:
361 3715 413 3757 aus
421 3706 532 3752 aarum
545 3689 1285 3778 assasno:[00NTENTA1NHO0LIBELno

114 3805 249 3866 NVPER
266 3808 270 3875 Ι
286 3821 304 3863 a
319 3804 432 3864 Joanne
446 3803 657 3864 boeschenstein
673 3803 841 3877 esslingensi
858 3804 944 3862 edita.
965 3797 982 3881 ΙΙ
1001 3803 1179 3862 Elementale
1194 3805 1284 3862 intro·

114 3912 249 3973 ductorin
264 3911 295 3969 ln
309 3911 431 3970 bebreas
444 3911 544 3969 literas
565 3901 570 3990 Ι
590 3909 732 3969 teutonice
740 3909 909 3969 ethebraice
919 3908 1054 3982 legendas
1075 3902 1080 3989 Ι
1100 3909 1206 3966 Decem
1220 3924 1285 3982 pre-

113 4025 199 4095 cepta
214 4018 320 4077 Exodi.
343 4017 410 4077 XX.
433 4010 437 4099 Ι
459 4016 558 4076 Oratio
582 4015 723 4075 dominica
737 4015 840 4074 Mattb.
864 4015 913 4074 v1.
936 4014 1024 4073 Luce.
1044 4013 1096 4074 XI.
1118 4015 1123 4091 Ι
1144 4013 1286 4073 Salutatio

112 4125 247 4200 angelica
261 4124 341 4183 Luce
357 4125 449 4197 primo
472 4116 477 4205 Ι
497 4121 662 4196 Symbolum
678 4121 871 4195 apostolorum
892 4112 897 4202 Ι
919 4119 1066 4178 Canticum
1074 4119 1168 4179 Marte
1181 4119 1258 4179 Luce
1272 4118 1287 4178 I

112 4226 266 4293 Canticum
289 4229 439 4289 Simeonis.
486 4227 563 4288 Luce
590 4246 615 4286 z.
635 4230 638 4294 Ι
661 4227 715 4287 An.
740 4227 813 4287 Veni
833 4231 930 4284 sancte
949 4228 953 4296 Ι
976 4224 1031 4284 An.
1055 4226 1140 4286 Salue
1166 4222 1283 4309 reginei

697 4352 715 4390 tlt

188 4469 199 4517 1
220 4461 356 4532 Expedius
377 4465 399 4512 l.
418 4465 479 4513 tuos
496 4459 588 4532 libros]
607 4459 723 4512 ntmliob
742 4459 783 4515 die
801 4456 949 4514 rudimenta
969 4456 1101 4513 hebraica.
