2798 4980
679 340 744 408 219

110 529 176 598 illc
187 535 302 599 temen
325 527 454 617 planius
469 529 690 615 intelligerent
711 532 797 599 inter
820 553 900 620 ques
916 532 1055 618 quadem
1078 539 1173 600 nocte
1194 533 1291 601 simul

115 656 253 707 eramus
270 635 433 722 praecipue
457 635 592 705 illustris
613 658 703 704 noves
727 636 844 723 aquilae
866 657 973 705 cemes
992 639 1019 718 ¹,
1043 637 1209 707 lohannes
1231 640 1291 706 Oa·

112 741 277 830 pellarios
300 742 384 810 alias
407 742 448 809 de
466 743 565 827 Regio
580 743 667 828 Pago
692 751 725 809 et
747 743 906 811 Henrious
931 743 1119 811 Monoceros
1143 743 1224 811 alies
1248 745 1288 812 de

113 848 289 916 Wesslia²
312 854 414 915 totam
439 848 528 916 illam
551 855 680 915 noctem
703 856 810 916 tecum
832 850 1056 934 transegimus.
1102 849 1221 931 Crede,
1244 851 1290 917 mi

114 954 282 1039 capnion,
321 976 426 1040 neque
450 955 541 1035 fatis,
575 974 680 1040 neque
713 954 853 1023 humano
887 954 1020 1022 consilio
1044 956 1197 1034 evenisse,
1233 955 1291 1022 sed

114 1060 231 1127 divina
252 1060 363 1146 potius
386 1061 601 1145 providentia,
626 1067 664 1126 ut
680 1060 756 1126 talis
779 1066 936 1146 tantaque
960 1062 1181 1128 controversia
1204 1062 1290 1128 inter

113 1171 150 1234 te
177 1173 211 1232 et
233 1166 473 1253 theosophistas
496 1165 700 1233 adversarios
723 1172 798 1233 tuos
822 1165 1034 1245 suboriretur,
1058 1166 1186 1253 quando
1210 1167 1288 1235 alie·

117 1271 179 1358 qui
202 1271 348 1357 quisquis
374 1271 459 1338 alius
482 1273 510 1338 ie
533 1271 650 1338 fuisset
671 1278 792 1356 praeter
814 1278 864 1351 te,
894 1271 1120 1363 succubuisset
1144 1273 1281 1354 omnino,

113 1385 151 1444 et
176 1377 205 1444 si
227 1399 291 1444 non
314 1377 443 1457 virtute,
466 1377 673 1443 multitudine
696 1383 806 1444 tamen
830 1381 863 1442 et
886 1377 984 1443 turba
1007 1385 1190 1463 superatus.
1236 1379 1289 1445 Ita

113 1505 179 1552 nec
211 1489 321 1569 potest
350 1483 420 1549 falli
447 1485 550 1563 Dens,
591 1504 650 1549 nec
678 1482 763 1549 fallit
792 1504 943 1569 unquam.
995 1484 1117 1550 Ductor
1146 1485 1289 1552 Sesseler

113 1611 193 1659 cum
215 1589 290 1664 hinc
312 1588 378 1659 alio
408 1590 604 1674 migraturus
634 1595 730 1668 esset,
753 1588 787 1653 id
817 1588 903 1674 qnod
927 1588 1051 1653 dolenti
1073 1590 1180 1656 animo
1204 1591 1284 1672 fero,

116 1696 242 1782 quippe
265 1697 321 1782 qui
344 1696 393 1760 vir
416 1701 467 1761 est
489 1695 630 1780 optimus
654 1701 688 1760 et
714 1695 958 1777 integerrimus,
990 1696 1179 1780 priusquam
1212 1718 1286 1780 pro·

114 1801 321 1869 ficisceretur
343 1823 394 1867 me
418 1801 626 1880 commonuit,
659 1807 695 1866 nt
719 1799 780 1865 sibi
805 1798 854 1864 vel
882 1800 1068 1884 epistolium
1090 1800 1223 1886 aliquod
1244 1802 1288 1866 ed

116 1915 152 1976 to
177 1908 300 1975 darem.
346 1906 440 1986 Quod
469 1906 617 1992 equidem
641 1906 704 1971 feci
735 1927 831 1990 quam
860 1904 1087 1985 libentissime,
1119 1928 1184 1972 non
1218 1913 1287 1972 tam

117 2015 191 2100 ejus
221 2034 321 2100 qnam
344 2020 377 2078 et
399 2033 472 2078 mea
501 2013 602 2096 ipsius
630 2032 738 2077 causa.
785 2011 837 2077 Sic
861 2012 945 2076 enim
969 2011 1029 2076 tibi
1051 2033 1179 2096 semper
1202 2033 1289 2077 corn-

115 2118 268 2192 mendari
290 2118 393 2203 cupio.
440 2116 585 2201 Reliquit
608 2123 642 2183 et
663 2138 722 2183 nos
745 2117 843 2202 paulo
868 2123 943 2182 aute
970 2116 1111 2201 Phagius
1141 2117 1285 2199 noster³,

115 2225 216 2294 horno
228 2246 291 2290 non
308 2225 355 2290 tui
372 2224 465 2290 modo
482 2223 747 2303 studiosissimus,
768 2229 908 2289 atcerte
925 2229 984 2302 est,
1008 2223 1066 2288 sed
1090 2230 1122 2290 et
1146 2226 1287 2290 omnium

113 2331 376 2400 doctissimorum
400 2330 578 2409 hominum,
603 2335 640 2395 ut
662 2330 786 2414 etipse
812 2337 871 2396 est.
896 2331 934 2395 Ei
957 2331 999 2396 ad
1023 2329 1288 2415 Pyrkheimerum

113 2443 273 2516 nostrum,
288 2457 398 2502 rerum
412 2436 498 2501 inter
514 2435 691 2501 Germanos
707 2437 909 2517 miraculum,
933 2438 1044 2503 literas
1061 2438 1148 2518 dedi,
1171 2438 1287 2523 quihus

112 2549 148 2610 et
170 2542 219 2609 illi
241 2541 379 2608 iudicavi
403 2541 490 2625 apud
514 2563 572 2607 nos
595 2541 743 2607 libellum
765 2542 946 2608 Nazareui⁴
970 2543 1111 2626 theologi
1122 2544 1283 2608 Gaesareae

114 2647 284 2733 Majestati
306 2647 504 2713 destinatum
521 2647 645 2726 excudi,
669 2669 765 2732 quem
783 2655 815 2713 et
830 2648 1024 2714 adhortatus
1048 2670 1112 2713 una
1135 2671 1217 2729 euni,
1238 2649 1288 2715 uti

116 2754 282 2839 dialogum
305 2754 396 2820 illum
419 2753 562 2833 Lucieni,
586 2753 627 2818 de
648 2775 711 2838 quo
735 2753 815 2818 alies
838 2753 917 2818 mihi
939 2754 1079 2838 scripsit,
1103 2754 1198 2820 titulo
1222 2756 1286 2838 pis·

116 2867 212 2928 cstor
226 2881 285 2927 seu
300 2859 505 2925 resusciteti⁵
528 2860 560 2924 iu
586 2860 690 2925 lucem
705 2858 838 2924 taudem
862 2858 931 2937 det,
948 2858 1078 2943 quando
1103 2859 1227 2925 scilicet
1253 2864 1286 2924 et

115 2968 188 3053 ipse
210 2987 317 3034 mores
340 2965 408 3032 fere
439 2966 592 3051 exprimit
615 2965 734 3050 quihus
757 2965 861 3030 nostri
883 2964 1125 3048 Theosophistse
1147 2966 1181 3029 in
1205 2964 1279 3032 doc-

115 3073 279 3140 tissimum
298 3093 457 3158 quemque
483 3079 628 3138 utuntur.
653 3070 772 3156 Accepi
791 3071 833 3135 ab
848 3071 982 3137 Erasmo
1006 3065 1142 3136 nostro6
1169 3072 1282 3138 literas

694 3219 710 3256 sl<

194 3320 203 3364 1
226 3315 358 3364 Hermann
379 3327 429 3362 scu
453 3310 587 3373 Nueuasr,
616 3310 669 3375 vgl.
701 3308 821 3374 Btohing
847 3310 945 3375 sappi,
974 3309 1026 3359 vol.
1053 3309 1092 3369 11,
1119 3323 1139 3359 s.
1169 3313 1220 3360 428
1247 3311 1284 3375 ig.

118 3409 133 3456 2
154 3389 228 3455 i'lber
254 3401 382 3453 Heinrich
402 3400 531 3462 llinhorn,
556 3399 610 3465 vgl.
631 3398 715 3467 Krafft
740 3397 793 3448 und
807 3397 941 3449 Grecolius
955 3396 1075 3463 beitrtge
1094 3415 1116 3447 1.
1129 3398 1218 3464 gesch.
1239 3398 1286 3450 des

118 3492 301 3544 humenismus
325 3507 368 3539 ern
388 3489 576 3550 Niederrhein,
595 3487 730 3538 Elberfeld
754 3489 874 3549 retus.
894 3490 935 3535 17.
1010 3486 1170 3554 3l'hugius]
1191 3489 1290 3553 Fugius

117 3581 165 3632 der
178 3580 246 3630 oben
262 3582 294 3630 30
309 3580 378 3645 Sept.
397 3582 462 3628 1514
475 3576 616 3627 creauere.
636 3576 697 3625 Neo.
711 3575 814 3626 CXCII.
888 3575 1048 3624 cultellum
1068 3577 1204 3644 Nazareni]
1224 3576 1289 3626 iiber

116 3671 192 3722 disse
211 3665 524 3733 vertheidigungsschrift
544 3665 589 3714 des
609 3665 739 3730 Georgius
757 3665 890 3730 Benignus
908 3664 950 3713 fiir
964 3664 1101 3725 Reuchlin,
1120 3665 1289 3728 1311111111]-

115 3761 155 3812 lin
176 3776 197 3810 s.
217 3763 266 3809 401
288 3758 314 3807 ff.
354 3757 404 3806 Die
424 3754 532 3806 vorredc
553 3754 648 3804 Martin
669 3753 801 3820 Gronings
821 3767 853 3801 un
873 3751 919 3801 der
940 3751 1033 3802 schrift
1052 3753 1086 3801 ist
1107 3768 1165 3801 vom
1189 3757 1197 3800 1
1221 3753 1289 3820 Aug.

119 3853 198 3900 1517.
270 3847 286 3896 5
308 3845 359 3896 Seu
378 3846 567 3895 reviviscentes
587 3841 669 3893 lautet
688 3840 733 3892 der
752 3840 890 3891 wirkliche
904 3840 960 3889 titel
980 3840 1025 3890 der
1043 3857 1095 3890 von
1109 3840 1300 3891 Pirchheimer·

117 3938 204 3989 noct.
221 3936 286 3985 1517
302 3934 422 3984 wirhlich
437 3931 665 3983 veroffentliehtm
679 3929 780 3993 schrift,
795 3929 840 3981 der
853 3929 894 3979 ein
909 3929 968 3980 sehr
980 3929 1182 3990 aneliihrliches,
1193 3929 1236 3978 fur
1247 3929 1290 3978 die

116 4023 313 4077 reuchlinische
327 4014 530 4090 a'ngelegerrheit
543 4021 682 4087 ungemoin
699 4018 837 4084 uichtiges
851 4016 989 4066 schreiben
1005 4015 1179 4066 l’irhheimers
1193 4032 1225 4065 sn
1241 4018 1288 4066 Lo-

115 4112 297 4166 ronnBehaim
313 4112 358 4177 (30
374 4114 442 4177 hug.
459 4112 537 4178 1517)
551 4105 775 4174 vcrsngeschicht
789 4107 830 4168 111,
844 4105 899 4171 vgl.
913 4103 1042 4155 Reuchlin
1055 4119 1076 4154 s.
1091 4105 1180 4155 39511.
1218 4107 1233 4155 6
1248 4105 1288 4156 Ab

114 4199 240 4271 Erasmo]
260 4201 305 4251 der
324 4200 395 4250 brici
411 4198 457 4249 des
476 4199 600 4249 Erasmus
621 4214 653 4247 sn
668 4196 792 4247 cesarius
818 4196 848 4244 16
868 4197 937 4260 Aug.
961 4195 1040 4254 1517,
1064 4193 1203 4261 (Buching,
1225 4196 1290 4244 llut-

116 4292 174 4342 teui
195 4306 274 4356 opere
293 4290 312 4350 Ι,
332 4305 353 4339 a.
378 4290 434 4346 149,
458 4288 527 4352 150),
548 4285 649 4336 enthtlt
669 4301 717 4334 nur
736 4285 794 4333 cine
815 4283 958 4349 erhllirrmg
975 4297 1060 4348 gegeu
1080 4281 1122 4331 die
1141 4298 1197 4350 epp.
1219 4283 1289 4335 absc.

115 4381 181 4442 vir.;
206 4379 270 4429 iiber
289 4377 417 4427 Reuchlin
437 4391 485 4425 nur
508 4375 550 4425 die
570 4381 662 4428 warte:
688 4374 719 4423 de
743 4373 888 4438 composita
912 4371 958 4423 lite
977 4370 1164 4422 Reuchliniacs
1189 4374 1288 4422 1111111111

115 4485 180 4528 vere
212 4469 326 4525 nuutics.
376 4468 425 4523 uie
448 4464 531 4520 briete
560 4462 605 4516 des
631 4463 755 4514 Erasmus
782 4462 845 4516 iiber
870 4460 1014 4526 Reuchlin,
1045 4460 1087 4515 die
1113 4457 1286 4513 dunhelmia-
