2798 4980
675 303 723 373 89

121 497 177 565 hus
199 495 312 577 credo,
336 497 518 584 praesertim
542 495 570 561 si
593 501 650 562 tuo
674 513 802 581 quoque
821 492 946 578 judicio
969 493 1176 576 congruerint
1197 496 1285 581 quod

118 625 177 670 uon
199 623 315 687 parum
330 602 483 688 ponderis
506 599 632 666 afferet.
677 599 768 666 Vale.
807 599 857 664 Ex
880 598 1059 684 Argentiua
1084 604 1102 664 6
1127 606 1203 666 ante
1223 600 1285 666 les-

116 714 181 774 tum
205 705 440 792 purificationis
456 706 492 770 B.
516 705 630 770 Mariae
657 708 752 770 1494.

201 815 362 877 Gedrucht:
389 820 404 876 1
432 835 475 870 =
491 813 522 875 Ο.
540 830 567 874 v.
584 830 609 874 c.
627 830 643 873 c
658 829 690 886 a3
718 815 801 872 2:
816 813 845 872 1.
862 829 890 874 r.
907 827 933 872 e.
950 829 966 873 e
981 812 1045 886 iiim
1071 816 1149 874 3:
1166 813 1197 875 Ο.
1214 831 1240 876 v.
1257 831 1283 875 e.

111 921 141 981 II
154 919 204 982 lot.
222 916 329 982 2941.

642 1073 754 1140 XLVI.

181 1158 345 1234 (stuttgart).
1170 1165 1245 1216 1494.

107 1262 269 1337 Joannis
291 1263 304 1312 ¹
325 1259 509 1336 Reuchlin
533 1258 787 1361 Phorccnsis²
813 1259 853 1334 in
879 1257 994 1336 libros
1021 1257 1191 1361 Oapniou
1219 1259 1281 1334 vel

272 1384 318 1460 de
335 1381 450 1459 verbo
468 1381 628 1457 Mirifice
653 1381 824 1484 praefatio
844 1382 907 1483 (an
925 1382 1120 1485 Dalburg).

197 1563 318 1629 Rerum
340 1580 533 1627 arcanarum
549 1559 668 1627 curiosi
684 1560 816 1646 quidam
833 1559 1066 1644 exploratores,
1093 1560 1279 1628 Camerarie

103 1667 267 1752 Dalburgi
289 1667 435 1732 Antiates
459 1666 660 1750 Vangionum
683 1666 915 1745 sacratissime,
940 1686 1020 1751 quos
1044 1673 1077 1730 et
1102 1666 1280 1732 reconditae

102 1773 281 1840 verborum
308 1772 403 1851 vires,
432 1777 466 1837 et
494 1772 655 1837 abstrusae
683 1793 797 1837 vocum
825 1772 963 1855 energiae
979 1778 1024 1836 'et
1048 1769 1148 1836 divini
1173 1776 1295 1837 secre·'

94 1887 215 1946 torum
246 1879 410 1945 nominum
440 1878 647 1944 characteres
672 1877 862 1956 sollicitant,
895 1881 992 1942 aetate
1021 1883 1134 1941 nostra
1164 1872 1294 1962 (quan-5

90 1992 173 2051 tum
196 1983 307 2050 videre
330 1983 409 2050 mihi
424 1989 513 2049 recte
529 1981 655 2067 videor)
679 2003 743 2048 non
759 2003 876 2066 parum
893 1980 1045 2047 secedere
1064 1981 1105 2047 ab
1122 1983 1278 2067 antiquis·

84 2090 193 2157 simis
216 2090 398 2175 principum
420 2087 716 2172 philosophorum3
739 2087 884 2170 vestigiis
921 2086 1210 2172 deprehenduntur
1243 2095 1276 2152 et

104 2195 196 2262 oiroa
219 2193 414 2262 mirabilium
438 2191 610 2257 effectuum
633 2191 841 2276 plenissimas
864 2193 1094 2278 mysteriorum
1117 2194 1306 2278 operatio.

108 2321 166 2368 nes
199 2321 285 2386 saepe
319 2298 520 2383 multumque
552 2296 721 2376 aberrare,
762 2297 824 2362 hac
859 2298 1063 2382 potissimum
1097 2300 1137 2364 de
1171 2321 1279 2379 causa,

108 2405 196 2492 quod
220 2406 270 2472 vel
293 2405 417 2472 caduca
439 2402 615 2488 figurarum
639 2402 839 2469 obscuritate
863 2402 1069 2468 obliterata4
1090 2405 1140 2470 vel
1164 2405 1280 2490 depra-

108 2512 239 2577 vatione
271 2510 475 2578 librariorum
511 2528 666 2592 perversa
691 2507 704 2546 ⁵
727 2514 761 2574 et
785 2508 955 2589 mendosa,
986 2530 1026 2574 ea
1059 2531 1161 2576 sacrae
1191 2512 1302 2601 illius:

109 2614 322 2700 philosophiae
345 2617 481 2703 σύμβολα
506 2616 518 2653 ⁶
542 2620 576 2680 et
598 2613 785 2681 veneranda
808 2600 1104 2698 supernaturalium
1121 2617 1301 2701 virtutumj

109 2720 275 2804 signacula
290 2721 409 2788 nedum
425 2721 561 2804 intelligi
576 2721 634 2786 sed
649 2741 709 2786 nec
725 2720 788 2804 legi
804 2725 934 2804 queant.
966 2721 1073 2798 Quare
1090 2721 1185 2786 taedio
1203 2723 1280 2805 plae-

108 2826 201 2912 rique
225 2847 263 2892 ac
287 2826 385 2892 inerti
410 2825 515 2892 frusta
538 2824 771 2908 defatigatione
795 2823 912 2905 affecti,
937 2830 1004 2890 tam
1021 2826 1185 2891 laudabile
1206 2849 1280 2892 con-

108 2929 288 3016 templandi
310 2952 411 3016 genus
435 2931 486 2997 vel
508 2931 519 2970 ⁷
543 2929 705 2997 horrendo
728 2930 857 3014 fugiunt
879 2930 930 2994 vel
953 2930 1143 3014 negligendo
1163 2932 1279 3016 jandiu

109 3042 252 3122 creptum
275 3036 437 3104 deserunt.
484 3035 579 3102 Unde
602 3035 720 3101 ductus
743 3056 801 3118 ego
825 3035 1008 3100 incredibili
1039 3035 1178 3120 quodam
1208 3059 1279 3121 gra-

106 3140 254 3208 tificandi
280 3141 388 3208 studio
412 3147 445 3208 et
468 3141 620 3207 nimirum
644 3161 755 3207 amore
778 3140 936 3225 singulari
959 3162 1036 3226 erga
1059 3143 1161 3207 omnis
1186 3142 1278 3209 bonae

107 3247 191 3312 artis
215 3246 371 3328 columen,
396 3247 560 3332 egregium
576 3247 735 3313 Joannem
758 3245 989 3331 Lapidanum⁸
1012 3248 1181 3333 theologiae
1206 3248 1279 3315 doc-

181 3429 191 3473 1
217 3426 248 3473 11
260 3424 327 3474 Hat:
346 3423 494 3474 JOANNIS
509 3424 638 3476 Bouchlin
652 3364 954 3492 pborcensiscaleON
967 3427 1009 3477 vel
1024 3427 1055 3476 dc
1071 3428 1151 3478 verbo
1169 3427 1280 3476 mirifico

105 3513 206 3579 primus
226 3515 250 3561 7.
324 3511 431 3564 2Nach
451 3512 623 3577 Phorcensis,
643 3513 687 3562 LL
706 3513 831 3564 Doctoris
849 3517 873 3565 3.
942 3518 961 3565 ⁴3
981 3514 1198 3581 philosophorum
1221 3531 1278 3564 aus-

105 3598 265 3666 gestrichcn‚
278 3597 355 3650 datur
368 3615 410 3650 am
421 3601 502 3650 raude
515 3603 559 3666 τῆς
573 3599 718 3670 φιλοσοφίας
731 3607 749 3651 1.
822 3607 838 3651 4
851 3601 990 3653 obliterata
1004 3603 1243 3670 ithergeschrieben
1258 3609 1278 3653 1.

106 3690 122 3737 5
147 3702 272 3754 perversa
297 3687 535 3754 tibergeschrieben
558 3691 600 3740 liir
627 3689 674 3739 das
699 3689 758 3740 hier
780 3690 917 3742 nochmals
943 3691 1068 3741 stehende
1096 3691 1158 3742 aber
1185 3707 1278 3756 ausge-

105 3775 239 3826 striehenc
257 3775 413 3846 obliterata3
433 3784 458 3826 et
476 3776 603 3828 mendosa
622 3794 663 3828 arn
683 3777 763 3829 rande
781 3784 803 3830 1.
859 3781 874 3830 6
895 3777 1011 3848 σύμβολα
1028 3780 1094 3831 iiber
1107 3780 1165 3829 dem
1183 3779 1278 3830 durch·

106 3863 255 3915 striehcuen
284 3863 407 3930 symbola
433 3865 492 3928 (das
517 3869 531 3915 2
558 3866 612 3931 hut)
641 3871 663 3917 1.
749 3872 763 3917 7
789 3868 842 3918 Vor
871 3882 967 3934 genus:
1001 3867 1117 3918 studium
1150 3868 1278 3934 durchge-

106 3952 221 4003 strichen
241 3957 262 4003 1.
318 3956 334 4003 8
354 3952 515 4021 Lapidanue]
535 3953 671 4005 «Iohannes
690 3954 807 4022 Heynliu
827 3971 878 4006 von
898 3955 970 4007 stein
990 3955 1033 4022 (de
1052 3956 1115 4006 oder
1133 3973 1149 4007 a
1169 3958 1278 4024 Lepide)

106 4040 164 4107 gob.
181 4057 224 4091 um
241 4043 308 4091 1430
323 4042 349 4090 iu
363 4040 518 4105 Schwaben,
531 4041 643 4092 studiert
662 4043 687 4093 in
703 4043 823 4110 Leipzig,
846 4044 910 4094 wird
927 4047 994 4095 1463
1015 4045 1143 4110 magister
1163 4047 1189 4094 in
1208 4047 1279 4097 Frei-

107 4129 180 4196 burg,
200 4128 264 4181 beld
283 4128 379 4179 darauf
394 4129 585 4181 baccalaureus
605 4131 651 4182 der
669 4131 802 4198 theologie
821 4133 847 4180 in
869 4133 949 4195 Paris,
969 4131 1037 4183 lclrrt
1060 4136 1127 4184 1464
1150 4134 1189 4184 bis
1212 4137 1292 4202 1466,

106 4217 152 4268 den
172 4218 312 4270 realismus
333 4218 360 4267 in
380 4217 472 4282 Basel,
497 4219 551 4270 und
578 4235 629 4271 von
656 4220 689 4270 da
714 4236 746 4269 un
770 4221 796 4269 in
822 4221 905 4270 Paris.
943 4221 1009 4271 Hier
1032 4221 1097 4272 wird
1122 4239 1149 4271 or
1175 4239 1217 4272 am
1243 4228 1276 4273 24

106 4306 175 4358 Mltre
198 4309 266 4359 1469
286 4321 347 4357 curn
366 4312 451 4358 rector
469 4309 515 4359 der
537 4309 695 4360 universittit
714 4307 841 4375 geuthlt,
867 4307 979 4360 verlltsst
998 4309 1114 4361 dioselhc
1135 4310 1198 4361 ebor
1216 4311 1278 4361 bald

106 4397 169 4448 uach
190 4395 249 4448 dem
277 4411 329 4447 von
353 4396 439 4447 seiner
460 4398 543 4464 purtei
563 4413 648 4464 gegen
668 4397 718 4448 den
738 4397 937 4449 nominalismus
961 4399 1098 4465 gefiihrten
1119 4396 1228 4464 schlage
1248 4399 1272 4464 (1
