2798 4980
645 301 723 365 ·94

114 490 199 559 liber
228 497 278 559 est
310 498 344 559 et
374 489 551 558 secundnm
579 487 705 572 singula
728 491 797 575 ejus
820 491 898 558 folia
920 513 941 559 a
963 493 1106 563 dextera
1129 496 1280 582 legendus

115 605 168 664 est
200 598 240 664 nd
274 599 454 676 sinistram,
490 594 603 660 eodem
638 595 733 660 modo
764 618 987 683 quaecumque
1018 607 1101 667 sunt
1131 601 1279 670 hebraico

114 705 252 786 scripta,
284 725 376 769 sun·
402 722 422 766 a
452 699 588 765 dextera
614 700 655 764 ad
684 700 847 767 sinistram
877 709 1010 770 sumuub
1037 709 1223 774 tramitem:
1249 709 1279 774 iu

112 807 192 892 ipsis
230 815 340 873 autem
373 807 458 872 foliis
489 826 714 889 quaecumque
749 807 850 873 latina
882 809 1091 891 scribuntur,
1124 833 1166 878 ca
1197 834 1278 879 moro

112 910 287 976 latinorum
312 932 332 977 a
356 912 487 978 sinistra
510 909 662 993 leguntur
685 910 725 975 ad
750 912 927 980 dexteram.
972 915 1066 982 Haec
1092 922 1133 983 tu
1157 917 1278 984 notabis

112 1039 210 1102 quem
234 1017 496 1102 diligentissime,
531 1037 589 1080 nos
616 1017 686 1101 jam
709 1016 752 1082 ad
786 1017 945 1084 elementa
980 1020 1141 1108 ipsasque
1173 1023 1277 1089 literas

113 1143 287 1206 perg1mus.

486 1250 609 1320 [Vorrede
629 1267 685 1300 zum
706 1251 800 1302 dritten
819 1252 908 1320 bucin}

203 1366 285 1429 Acta
301 1385 384 1448 quae
401 1370 476 1429 sunt
492 1365 657 1448 bucusque
675 1364 715 1428 de
731 1363 843 1445 literis,
861 1365 1003 1450 syllabis,
1028 1374 1063 1435 et
1087 1370 1274 1438 dictionibus

113 1469 284 1535 Hebraicis
307 1470 445 1534 unanime
468 1470 649 1553 primitivis,
672 1471 782 1535 vidisti
806 1471 1028 1539 amantissime
1052 1473 1272 1556 frater1tibi,

113 1582 151 1640 nt
166 1598 269 1659 spero,
287 1576 404 1654 rlnleia,
421 1576 480 1641 sed
495 1576 566 1639 aliis
583 1576 720 1640 forsitan
735 1577 830 1641 me'le
847 1583 880 1641 el·
894 1577 979 1643 lacte
996 1581 1132 1646 nutritis
1150 1587 1274 1666 propter

113 1682 270 1747 incultum
291 1682 421 1747 dicendi
443 1703 542 1764 genus
566 1702 688 1760 amara,
712 1681 767 1765 qni
790 1703 897 1747 secum
923 1684 951 1748 si
974 1685 1131 1767 cogitent,
1157 1708 1272 1755 omnem

114 1788 318 1854 auditoribus
354 1787 533 1852 ouationem
569 1808 639 1852 esse
671 1787 954 1869 commodandam,
984 1811 1049 1854 non
1089 1791 1171 1857 mihi
1205 1792 1273 1859 uitio

115 1893 249 1974 dabunt,
272 1894 360 1978 quod
383 1893 490 1958 uernis
514 1892 684 1957 vernacule
699 1893 824 1977 loquor.
870 1893 952 1958 Nam
976 1895 1033 1979 qui
1055 1892 1129 1962 fieri
1151 1897 1273 1982 poseat

116 2006 153 2066 ut
175 2022 234 2084 per
256 2001 418 2065 insuetum
441 1998 594 2083 loquendi
625 2019 761 2078 morem,
793 2006 827 2064 et
856 1999 942 2064 domi
971 2006 1144 2083 paratam,
1177 2002 1273 2086 adque

114 2105 265 2171 lucernas
289 2105 491 2171 elaboratam
511 2104 694 2183 dictionem,
717 2104 814 2169 rudes
834 2104 928 2170 facile
953 2105 1144 2186 doceantur,
1168 2107 1274 2193 quibus

116 2217 186 2276 tum
203 2217 291 2276 esset
307 2232 387 2294 opus
404 2209 446 2274 ad
462 2209 673 2294 praeceptoris
690 2209 907 2293 elequentiam
923 2209 996 2293 plus
1012 2204 1274 2293 animadvertero,

117 2315 209 2393 quasi
232 2316 276 2380 ad
298 2317 441 2399 sphingis
465 2315 646 2399 aenigmata,
670 2315 826 2399 quemad
843 2316 912 2400 ejus
934 2316 992 2382 illa
1012 2317 1087 2401 ipsa
1108 2324 1274 2404 praecepl.

115 2420 224 2503 Longe
248 2420 369 2486 rectius
392 2442 442 2486 me
462 2421 573 2506 judice
599 2421 702 2486 sensit
725 2420 925 2502 Aristoteles,
948 2421 980 2486 iu
1005 2422 1188 2508 disciplinis
1211 2426 1275 2492 doc

115 2530 221 2592 torem
244 2533 394 2609 oportere
417 2548 476 2610 per
499 2527 746 2592 usitatissimam
771 2527 928 2593 sermonis
951 2531 1221 2598 consuetudinem
1246 2535 1274 2597 ot

115 2631 209 2697 nobis
231 2632 359 2697 notiora
383 2654 517 2716 quaeque
541 2631 726 2716 procedere.
772 2633 893 2698 Dedita
915 2632 1013 2716 igitur
1036 2643 1141 2719 opera
1163 2637 1272 2704 soloeco

115 2758 213 2822 saepe
237 2745 270 2803 et
293 2737 434 2803 barbaro
458 2761 528 2803 sum
552 2760 630 2804 usus
653 2737 696 2803 ad
720 2738 934 2822 quorumdam
956 2724 1191 2808 uocabulorum
1210 2763 1274 2827 pro·

114 2845 288 2929 prietatem
313 2844 547 2928 explicandam.
586 2845 659 2909 Huc
683 2843 809 2909 accedit
831 2851 950 2926 tamen,
975 2844 1062 2929 quod
1087 2852 1121 2913 et
1141 2853 1274 2927 senecta,

114 2955 149 3016 et
185 2950 398 3016 barbarorum
439 2950 624 3034 quotidiana
658 2950 877 3030 conversatio,
908 2972 972 3015 uon
1004 2951 1109 3017 solum
1141 2953 1274 3038 linguam

114 3055 258 3137 hebetat,
283 3056 341 3122 sed
371 3062 404 3121 et
427 3057 528 3121 otium
553 3055 713 3124 obtundit,
744 3077 803 3138 pro
826 3055 913 3122 illius
942 3056 1105 3141 Tyndarei
1128 3058 1274 3126 adversus

115 3163 315 3241 Menelaum,
347 3164 424 3246 quin
454 3162 563 3246 potius
586 3161 749 3244 Euripidis
777 3162 893 3245 'aramei
924 3163 1104 3243 sententia,
1134 3165 1191 3250 qui
1218 3164 1273 3229 ait:

116 3271 350 3358 βεβαρβαροῢσαι
376 3269 488 3357 χρόνιος
516 3269 556 3331 ὤν
584 3271 615 3330 ἐν
639 3266 795 3355 βαρβάροις
819 3267 840 3330 ².
886 3266 980 3332 Solus
1016 3289 1094 3352 ergo
1122 3291 1218 3354 quom
1245 3266 1273 3332 iu

116 3373 176 3438 hoc
199 3374 351 3455 Diogenis
382 3373 468 3438 dolio
497 3379 584 3439 totos
608 3372 678 3437 dies
702 3371 909 3449 delitescam,
943 3393 1003 3437 nec
1034 3394 1163 3439 mecum
1196 3374 1272 3439 vivat

116 3474 201 3543 ullus
222 3478 395 3559 hominum,
419 3479 471 3543 cui
493 3479 665 3543 uerborum
688 3476 851 3561 elegantia
874 3482 907 3542 eb
930 3478 1117 3562 eloquent-ia
1141 3478 1270 3545 studium

117 3583 161 3649 sit
182 3583 216 3648 in
230 3584 346 3667 pretio,
370 3583 429 3649 sed
444 3583 591 3666 agricola
614 3588 743 3648 tantum
767 3588 800 3647 et
822 3581 1002 3663 sacrificuli,
1029 3589 1088 3649 aut
1103 3585 1131 3650 si
1154 3585 1207 3670 qui
1227 3603 1268 3648 ac·

119 3690 245 3772 cedant,
269 3695 307 3755 ut
328 3687 366 3753 fit
390 3689 545 3774 quotidie,
570 3688 625 3773 qui
654 3708 791 3753 menon
816 3688 856 3753 de
879 3688 1093 3775 mmilegulis,
1121 3711 1180 3756 nec
1200 3705 1266 3755 auro

687 3821 705 3861 tle

329 3884 351 3934 A
371 3882 461 3934 dextro
480 3882 598 3950 gradiar
615 3881 681 3948 pede
700 3881 732 3932 sd
754 3881 890 3931 sinistrum

329 3974 389 4024 Hoc
407 3987 496 4022 omnes
515 3970 592 4022 modo
611 3975 746 4020 transeunt
765 3969 912 4032 columnae,

328 4061 451 4112 Judaeum
469 4074 572 4124 (guoque
591 4065 728 4108 teutonus:
746 4063 772 4107 et
790 4057 874 4108 latins

328 4151 383 4201 Nec
401 4157 428 4200 tu
446 4148 603 4215 principiam
622 4153 696 4212 petus
714 4146 809 4210 libelli,

330 4237 371 4286 Ad
389 4237 490 4287 calcem
507 4251 618 4301 propes
636 4236 751 4299 benigne
770 4234 863 4294 lector,

329 4321 363 4372 Et
381 4339 470 4374 uorum
487 4324 607 4373 invenies
626 4321 733 4373 modum
752 4319 866 4386 legendi.

192 4416 204 4461 l
225 4407 360 4460 amantiss.
382 4414 404 4460 l.
477 4415 491 4460 2
511 4408 715 4478 βιβαρβαροῦσαι]
734 4408 797 4461 Eur.
817 4407 902 4459 Orest.
921 4407 982 4459 loa.
