2580 4178
627 4 688 73 181

598 254 709 323 cum.

140 359 290 460 'ljitbingeu
1011 364 1093 431 (Sept.
1117 366 1204 436 1512.)

122 515 288 591 Joannes
315 512 584 590 Hiltebrandus
612 514 898 617 Sveoingensis1
925 545 975 592 an
1002 519 1186 594 Resrchlin

67 676 195 746 sohickt
223 677 289 744 ihm
315 679 351 741 Α.
381 699 408 741 1.
432 676 599 762 Tungerns
621 680 789 747 Articuli²
819 681 887 747 sive
909 683 1162 766 propositiones,
1185 682 1238 747 die

66 782 223 850 Anshelm
237 803 299 848 von
315 781 373 848 der
384 782 410 846 F
411 781 599 849 rankfurter
610 806 714 851 messe
730 787 946 871 mitgebracht
964 787 1022 853 hat
1033 788 1099 853 und
1113 809 1238 854 ormun-

66 895 135 956 tert
157 887 222 968 ibn,
245 887 309 954 den
324 886 443 972 angriff
462 887 692 977 gleichmiithig
716 914 754 958 zu
771 898 931 978 entragen.
967 893 1061 973 Vale,
1084 893 1237 977 Tubingae

66 1014 153 1061 anno
181 998 276 1058 1512.
332 1005 334 1010 '

53 1159 55 1162 ψ
156 1118 316 1182 (1011110111
332 1121 360 1182 J.
377 1138 404 1181 v.
420 1137 446 1182 e.
463 1117 525 1182 sab,

598 1305 706 1375 CLIV.

138 1396 274 1462 stuttgart.
500 1421 507 1433 .
1001 1403 1012 1448 1
1041 1399 1101 1449 Oet.
1124 1401 1200 1449 1512.

172 1535 338 1609 Joannes
365 1533 548 1607 Reuchlin
575 1535 795 1610 Phorcensis
823 1563 872 1609 an
899 1535 1151 1611 Hiltebrand.'

153 1699 199 1763 Er
222 1697 269 1763 sei
287 1702 397 1764 zuerst
419 1697 500 1764 iiber
517 1698 576 1766 das
602 1698 689 1765 buch
713 1699 936 1780 erschroeken,
960 1699 1044 1765 habe
1057 1700 1142 1764 darm
1157 1698 1237 1764 aber

62 1803 265 1888 eingesehen,
288 1804 345 1868 wie
367 1824 479 1886 grosse
496 1803 613 1870 thoren
636 1805 687 1870 die
705 1805 802 1885 seien,
827 1806 947 1871 welche
965 1828 1025 1872 von
1042 1805 1101 1870 der
1123 1827 1236 1888 mengc

61 1909 117 1974 1111
150 1907 243 1974 weise
277 1907 428 1992 gehalten
462 1903 609 1990 w'iirden;
645 1911 715 1994 gibt
749 1911 801 1976 die
836 1911 950 1977 stellen
981 1911 1086 1976 seines
1116 1932 1234 1995 augen-

61 2013 203 2101 spiegels
226 2035 280 2093 an,
302 2036 361 2079 aus
385 2014 525 2081 welchen
549 2015 601 2081 die
618 2016 740 2082 Kblner
765 2017 835 2082 ihre
860 2023 902 2082 44
925 2017 1161 2101 propositiones
1183 2039 1235 2100 ge-

60 2141 163 2205 zogen
185 2118 300 2198 haben,
323 2119 469 2204 zugleich
492 2119 555 2186 den
578 2127 639 2200 ort,
664 2145 710 2187 wo
735 2145 770 2187 er
793 2123 863 2188 ihre
887 2124 1044 2189 vorwiirfe
1071 2123 1237 2207 widerlegt

61 2248 102 2293 su
125 2224 233 2291 haben
256 2223 378 2309 glaubt.
425 2225 440 2290 Ι
464 2226 555 2293 Dieb.
579 2227 719 2308 Octobr,
743 2250 794 2293 an.
822 2233 916 2294 1512.

153 2351 317 2413 Gedruekt:
333 2353 360 2413 J.
378 2372 404 2413 v.
422 2371 447 2413 e.
464 2348 496 2413 sb
511 2353 551 2430 fg.

645 2522 662 2559 tlt

140 2642 149 2686 1
171 2637 289 2686 doannes
304 2638 500 2688 Hildebrandus
514 2637 702 2703 Sueciugensis
716 2651 783 2685 anno
795 2637 928 2701 superiore
941 2634 995 2684 fato
1006 2633 1145 2684 defunctus
1160 2633 1236 2685 homo

61 2742 152 2786 verus,
172 2726 272 2791 integer
291 2729 352 2777 vitae
366 2727 525 2792 scelerisque
538 2741 625 2792 purus,
641 2725 786 2791 judiciuin
806 2724 890 2774 literis
905 2724 967 2786 acri,
988 2722 1109 2788 paideian
1122 2729 1239 2773 sectatus

60 2821 103 2865 est
124 2814 249 2863 adhibitis
263 2816 513 2880 jurisconsultorum
533 2816 679 2882 praeceptis,
698 2829 797 2880 graecas
810 2813 978 2878 hebraeosque
997 2812 1086 2861 literas
1105 2825 1238 2860 sacrorum

61 2919 160 2953 caussa
180 2905 244 2953 111110
258 2903 349 2954 ardore
370 2904 459 2966 coluit,
477 2906 545 2970 quod
565 2905 619 2953 illis
639 2905 704 2970 ipsis
717 2904 804 2954 omnia
817 2903 923 2968 pietatis
938 2908 1104 2952 monumenta
1117 2906 1239 2950 constare

61 2992 172 3042 diceret.
210 2992 274 3042 Nam
296 3009 326 3043 eo
348 2993 507 3057 contulerat,
529 2995 551 3043 si
571 3009 616 3058 per
635 2994 690 3042 fata
710 2993 840 3056 licuisset,
860 3007 951 3041 omnes
971 2991 1052 3040 animi
1072 2995 1190 3051 conatus,
1209 2996 1238 3038 ut

61 3090 159 3131 sancte
179 3082 375 3146 synceriterque
394 3082 483 3131 studia
495 3082 558 3131 olim
577 3097 652 3131 saera
671 3088 801 3142 tractaret,
820 3079 845 3130 id
859 3079 929 3145 quod
943 3079 1060 3130 moribus
1081 3092 1112 3128 ac
1131 3078 1237 3143 ingenio

60 3169 291 3236 praeseferebat,
312 3170 416 3219 laudem
436 3187 468 3219 ex
488 3171 584 3220 studiis
598 3170 705 3219 multam
726 3172 782 3218 sine
802 3168 904 3218 invidia
924 3169 964 3217 sir
984 3167 1068 3218 bonus
1082 3174 1240 3217 consecutus

60 3266 113 3319 est,
133 3258 159 3306 in
173 3258 341 3307 emendandis
355 3258 483 3308 bonorum
498 3265 615 3308 autorum
629 3258 704 3308 libris
724 3258 791 3323 apud
805 3257 934 3307 Γ1110111011]
948 3257 1120 3306 Anshelmum
1134 3255 1240 3305 chalco-

60 3345 196 3412 graphum
216 3347 354 3412 diligentia
380 3347 428 3395 fuit
452 3347 585 3409 absoluta,
612 3362 693 3411 usque
719 3346 783 3396 adeo
803 3344 893 3395 amans
919 3347 957 3394 rei
983 3345 1095 3410 publicae
1115 3343 1239 3392 literariao

61 3435 169 3485 curavit
190 3436 315 3500 optimum
330 3451 456 3500 quemque
477 3436 572 3484 librum
592 3436 618 3484 111
632 3450 724 3484 manus
742 3435 877 3484 hominum
891 3436 975 3484 emitti
995 3449 1071 3497 quam
1092 3432 1240 3495 castigatis-

62 3526 169 3574 simum.
207 3525 305 3573 Extant
323 3525 379 3573 eius
399 3504 516 3590 epistolae
538 3521 716 3592 προλεγομέναι
741 3523 767 3571 in
788 3522 915 3587 quosdam
935 3528 1039 3570 autores
1064 3528 1091 3568 et
1114 3516 1240 3567 versiculi

63 3611 162 3663 eruditi
181 3610 284 3676 quidem
305 3620 330 3661 et
344 3611 426 3676 probi.
464 3613 575 3661 Mortem
595 3613 644 3660 viri
658 3612 732 3676 quasi
746 3626 882 3661 comunem
903 3608 1049 3660 studiorum
1062 3607 1239 3658 calamitatem

57 3700 320 3766 juventusSuevica
343 3701 416 3749 flevit
442 3701 564 3751 carmine.
603 3699 740 3748 Distiehon
760 3714 875 3764 graecum
901 3714 931 3747 ea
952 3697 983 3747 de
1003 3712 1042 3758 re,
1065 3693 1169 3760 quando
1189 3694 1240 3744 hoc

63 3791 91 3839 in
114 3796 234 3854 promptu
255 3796 303 3853 est,
322 3789 470 3838 subiiciarn.
495 3786 636 3856 Ἰλβραντος
656 3783 775 3854 εὐδαίμων
795 3788 837 3835 τοῦ
856 3783 903 3854 γὰρ
924 3783 973 3852 βίος
984 3781 1053 3854 ἴχνια
1072 3781 1141 3850 Θείης
1162 3780 1238 3833 Ἔο1’

65 3873 164 3944 ἀρετῆς,
184 3871 286 3934 tisana
305 3876 421 3944 μνήματα
440 3876 461 3926 δ’
480 3873 529 3927 tori
547 3874 640 3933 κλέους.
677 3875 830 3924 Auctarium
845 3873 1070 3938 Chronographiae
1089 3873 1117 3923 1².
1137 3873 1241 3923 Nicolai

64 3964 167 4016 Basclii
186 3965 309 4014 Monaobi
331 3965 528 4032 Hirsangiensis
548 3966 580 4015 ab
601 3979 668 4012 anno
689 3963 782 4012 salutis
802 3963 868 4011 MDI
888 3964 913 4009 in
933 3977 1028 4010 annum
1049 3962 1179 4012 MDXlllI
1197 3962 1240 4010 de-

65 4054 174 4102 ductum
188 4053 216 4101 in
228 4052 341 4102 loannis
352 4054 474 4104 Nauoleri
487 4053 634 4104 Chronicorr
650 4052 689 4105 ed·
701 4050 829 4124 Tubingae
843 4051 919 4105 1516,
935 4051 978 4103 t'ol.
995 4053 1069 4103 3161.
1145 4056 1158 4100 2
1182 4050 1241 4115 vgl.
