2580 4178
672 17 738 83 272

117 306 283 373 tabuerint
307 313 340 372 et
363 327 430 385 sua,
455 311 492 372 nt
515 306 615 391 ajunt,
640 305 836 372 sentimenta
851 305 1075 373 confleverint.
1122 307 1284 374 Postremo

118 433 173 478 eos
196 413 288 496 ajunt
311 412 366 496 qni
388 411 458 476 luto
475 417 509 474 et
524 431 615 475 coeno
631 411 821 477 corrcllaria
843 411 900 476 illa
923 411 1122 477 involverint
1141 412 1285 479 1111111-

117 517 222 583 verint
244 516 404 583 affirmare
428 515 557 596 solitos,
581 515 614 580 in
639 516 762 581 eisdem
786 515 1088 600 conscriptionibus
1114 514 1198 581 nihil
1220 538 1286 582 con·

117 622 215 687 tineri
238 620 280 687 ab
303 621 402 704 alpha
424 620 466 685 ad
489 619 515 685 Ο
535 621 556 700 ¹,
571 620 658 705 quod
684 641 747 685 non
771 628 870 687 antea
895 621 930 686 in
954 620 1146 688 defensione
1162 621 1286 706 publica

118 727 137 793 J
140 726 252 792 oannis
261 726 417 792 Reuchlin
430 732 545 791 contra
557 724 808 793 calumniatores
819 748 893 793 suos
906 726 1125 793 Colonienses
1137 725 1287 813 justifica·

119 838 198 911 tum,
221 831 362 897 solutum
386 837 419 897 et
434 830 613 896 resolutum
630 830 753 912 fuisset,
778 833 864 917 quod
887 831 1003 898 lectori
1019 833 1140 918 cuique
1156 832 1286 900 lucidius

119 937 222 1003 stellis
245 937 408 1016 claruerit,
433 938 623 1002 Astarctnm
646 936 760 1021 itaque
784 958 912 1022 semper
935 937 1074 1004 eandem
1098 939 1287 1005 cantilenam

121 1063 180 1127 pro
195 1041 284 1127 turpi
297 1063 356 1108 sua
372 1041 481 1126 lingua
501 1061 628 1106 canere.
659 1041 727 1107 Hos
751 1042 888 1128 cauponi
905 1053 1072 1110 sermones
1095 1042 1199 1115 fuisse
1222 1065 1286 1111 cum

120 1146 301 1230 hospitibus
318 1153 351 1212 ct
366 1146 507 1212 convivis
524 1148 590 1213 suis
607 1147 762 1213 dixerunt
777 1148 942 1214 Philolaus
954 1147 1068 1234 junior
1077 1155 1114 1216 et
1123 1149 1287 1216 Marranus

120 1273 216 1337 grave
249 1252 380 1317 nimium
412 1257 567 1335 putantes
589 1252 623 1317 in
648 1275 683 1319 re
706 1259 775 1318 tam
799 1275 903 1337 parva
927 1260 962 1320 et
985 1254 1107 1341 puerili
1130 1261 1182 1323 tot
1204 1256 1285 1322 annis

120 1365 190 1424 tam
213 1357 365 1422 ferociter
392 1355 574 1441 digladiari.

210 1462 329 1543 Habes,
357 1464 563 1528 sanctissime
580 1463 645 1528 Leo
670 1463 793 1529 decime
805 1463 826 1544 ²,
851 1464 1053 1550 aCapnicne
1076 1465 1194 1531 humili
1204 1486 1283 1532 semo

119 1575 177 1634 tuo
201 1568 290 1633 brevi
316 1569 506 1653 compendio
531 1569 687 1634 recitatas
710 1570 743 1633 in
776 1571 952 1654 symbolica
976 1571 1172 1656 Pythagora
1194 1571 1283 1657 phile

122 1675 235 1758 sophia
258 1681 290 1739 et
314 1674 436 1739 cabalae
453 1675 636 1758 sapientum
654 1683 799 1740 veterum
816 1676 982 1759 opiniones
998 1683 1100 1762 atquc
1118 1679 1282 1744 sententias

123 1781 227 1863 exigui
267 1781 345 1845 licet
379 1781 520 1860 numeri,
560 1786 668 1845 tamen
708 1802 778 1865 quae
816 1781 968 1847 studiosis
1006 1782 1112 1849 multo
1159 1783 1282 1869 amplius

122 1886 283 1969 cogitandi
303 1906 341 1949 ac
366 1884 579 1969 investigandi
601 1907 713 1951 ansam
736 1887 914 1969 praebeant.
944 1887 993 1952 De
1016 1888 1136 1973 quibus
1159 1911 1217 1974 ego
1231 1908 1282 1953 me·

123 1990 241 2055 diceris
256 1990 375 2074 ingenii
400 1997 432 2055 et
448 1992 579 2056 minutae
602 1990 783 2075 prudentiae
806 1991 900 2058 homo
918 1992 996 2058 nihil
1015 1994 1168 2079 judicare
1184 1995 1282 2073 ausim,

124 2117 184 2160 nec
208 2117 285 2162 sane
321 2094 520 2180 judicavero.
574 2097 637 2162 Sed
668 2103 772 2162 totum
807 2097 891 2164 huuc
914 2098 1034 2164 librum
1065 2106 1132 2166 tuce
1162 2099 1282 2185 subjicio

123 2201 333 2280 authoritati,
375 2204 468 2287 cujus
504 2203 536 2267 in
576 2202 748 2269 arbitrium
788 2204 908 2270 collata
946 2210 997 2270 est
1041 2207 1142 2272 totins
1186 2203 1283 2272 mundi

123 2329 276 2387 censura,
307 2314 344 2373 ut
372 2329 442 2392 quae
466 2308 660 2392 displiceant
690 2309 818 2393 rejicias
847 2315 880 2376 et
903 2318 971 2375 tum
998 2310 1152 2377 laetabor
1180 2317 1283 2378 caetera

122 2413 293 2500 placuisse.
340 2415 499 2478 (lunatum
532 2414 616 2478 hunc
654 2421 741 2480 certe
776 2437 883 2480 meum
921 2437 1019 2500 quem
1055 2424 1091 2483 et
1126 2417 1229 2483 nostri
1259 2421 1284 2480 11

122 2520 307 2604 reipublicae
346 2542 444 2585 causa
474 2521 656 2603 suscepisse
680 2543 731 2585 me
756 2527 849 2604 potes
874 2521 1077 2602 existimare,
1110 2522 1214 2588 videri
1235 2518 1283 2585 tibi

122 2648 187 2692 non
218 2627 312 2710 plane
344 2626 525 2709 improbum
559 2625 701 2704 confid0,
733 2635 800 2690 tum
831 2627 917 2709 quod
946 2627 1053 2691 aliena
1089 2649 1164 2693 meo
1187 2627 1284 2693 labore

123 2734 242 2798 nostris
265 2739 400 2816 pateant
417 2738 484 2796 tum
509 2732 596 2816 quod
619 2732 679 2796 hoc
701 2733 849 2796 semestri
872 2731 1017 2815 legendis
1046 2733 1113 2799 illis
1142 2733 1178 2799 id
1210 2733 1285 2819 quin·

124 2860 250 2924 quemue
267 2839 386 2904 bellum
408 2837 496 2922 qnod
512 2837 684 2902 adversum
702 2859 752 2901 me
770 2837 880 2903 hostes
897 2839 1009 2902 meite
1031 2838 1157 2905 sciente
1174 2844 1286 2923 gerunt,

124 2946 151 3010 si
176 2945 303 3010 omnino
332 2943 489 3029 nequibat
518 2943 613 3007 vitari
637 2952 672 3009 at
702 2943 811 3008 levare
837 2944 1029 3024 studuerim,
1054 2951 1126 3010 tum
1152 2945 1286 3030 deniqne,

123 3057 161 3115 ut
192 3057 225 3114 et
253 3072 397 3115 meorum
430 3057 515 3116 esset
545 3049 632 3134 apud
661 3057 692 3114 te
729 3048 852 3134 aliquid
884 3072 947 3135 quo
977 3050 1020 3114 sit
1053 3049 1287 3118 benevolentior

124 3157 278 3220 memoria
294 3157 396 3220 nostri
420 3163 484 3236 tua,
510 3157 640 3240 quoties
664 3161 835 3238 paternum
863 3177 939 3239 erga
962 3177 1013 3220 me
1037 3157 1186 3222 animum
1210 3166 1288 3222 tuam

124 3261 273 3345 frangere
298 3283 336 3326 ac
359 3269 507 3328 avertere
530 3261 651 3327 inimici
674 3262 859 3326 moliuntur.

214 3367 285 3432 Non
315 3369 398 3432 enim
422 3368 649 3448 intermittunt,
668 3368 748 3446 scio,
776 3366 930 3450 quotidie,
960 3368 1103 3433 susurris
1135 3375 1288 3433 attentare

123 3474 194 3560 pias
219 3496 314 3540 aures
338 3482 421 3553 tuas,
445 3473 540 3538 modo
557 3497 615 3558 per
631 3479 824 3558 proxenetas
849 3473 1083 3554 conducticios,
1119 3475 1217 3540 modo
1240 3493 1289 3558 per

125 3582 299 3667 epistolae,
332 3588 370 3644 111
402 3602 482 3664 quas
513 3580 555 3645 ad
588 3587 619 3645 te
650 3581 795 3664 proxime
831 3584 870 3642 14
902 3577 1035 3642 Kalend.
1070 3579 1230 3645 Octobres
1258 3600 1272 3642 e

125 3688 302 3773 Agrippina
326 3685 458 3751 Colonia
482 3685 600 3752 datas3
624 3708 726 3770 nuper
748 3685 820 3769 legi,
844 3705 980 3767 quarum
998 3684 1095 3749 simul
1120 3701 1196 3750 cum
1218 3685 1283 3750 fals

696 3796 714 3828 ’ll‘

204 3872 212 3914 l
235 3864 275 3914 Ab
301 3881 316 3913 α
340 3864 417 3914 adm
443 3869 466 3916 3.
493 3867 516 3914 5.
592 3869 605 3914 2
628 3864 676 3914 hlit
695 3863 740 3913 der
759 3861 917 3912 ilhcrsohrift
938 3861 1043 3912 LEONI
1063 3864 1087 3914 X
1104 3865 1109 3930 Ι
1127 3862 1282 3914 Curuios

127 3951 234 4001 LEONI
248 3952 271 3999 X
292 3953 687 4016 PONT1F10110A1³N10.5.
725 3953 794 4001 LEO
809 3950 940 4000 DEClME
963 3955 984 4000 1.
1060 3954 1074 4001 3
1097 3953 1157 4018 Vgl.
1173 3952 1284 4014 Biiching

127 4038 222 4104 suppl,
243 4040 294 4088 vol.
316 4042 347 4100 ll,
368 4059 388 4091 s.
412 4045 468 4103 140,
488 4043 529 4090 eiu
551 4041 624 4105 briei,
645 4041 726 4090 durch
746 4040 794 4089 don
816 4040 862 4090 der
881 4046 958 4106 papst
978 4056 1023 4089 zur
1038 4041 1237 4105 rerurtheilung
1254 4038 1280 4086 de

135 4143 159 4178 ,Π
190 4145 277 4176 'tillut
315 4147 333 4161 “”
362 4147 365 4156 “
386 4149 389 4160 ¹
412 4148 416 4160 ¹
450 4147 467 4178 ‚l
545 4145 565 4161 ''
592 4147 644 4175 '¹1¹
688 4147 713 4177 lll

885 4149 890 4158 ·
962 4146 1237 4178 111-111·
