2798 4980
717 312 759 379 uo

156 526 263 587 naeus,
299 504 372 572 hinc
404 505 612 585 Rhodanum,
646 507 733 571 illinc
757 507 944 571 Tartessum
976 508 1146 589 emittens,
1181 505 1270 572 alter
1292 503 1325 568 iu

157 611 258 696 Libya
280 612 470 696 aethiopicus
501 617 639 690 tractus,
670 611 755 677 unde
781 612 890 694 Aegon
921 618 954 677 et
978 612 1081 696 Nyses
1110 619 1144 678 et
1169 611 1326 679 Chremes

157 724 191 782 et
217 716 327 797 Nilus,
355 717 439 782 alter
467 716 509 781 ad
532 717 714 800 aquilonem
748 716 920 799 Arcynium
945 717 1073 800 jugum,
1102 724 1141 783 ut
1172 723 1267 783 extet
1292 719 1324 781 in

156 823 423 906 bleteorologicis,
447 822 533 887 unde
557 823 643 886 lama
667 821 804 886 celebris
830 821 940 886 Hister
963 822 1109 888 exoritur
1139 823 1172 887 iu
1197 823 1325 889 Euxino

156 937 254 1013 ponto
285 929 486 1012 mergendus.
542 929 584 992 Et
617 928 668 992 hie
704 934 815 992 noster
851 925 998 1009 ignobilis
1028 927 1126 992 Nicer
1164 930 1325 994 societate

156 1035 258 1101 Rheni
282 1035 325 1099 ad
348 1034 511 1100 borealem
536 1035 703 1099 Oceanum
728 1054 915 1116 properans,
940 1055 1035 1118 quem
1058 1051 1115 1099 vos
1139 1033 1326 1100 familiaris·

156 1140 230 1204 simi
252 1139 501 1204 contubernales
525 1140 588 1203 mei
614 1138 769 1217 accolitis,
795 1145 828 1202 et
860 1137 1006 1204 accolitis
1031 1138 1162 1222 quidem
1185 1139 1258 1205 sine
1275 1161 1326 1205 me

156 1245 199 1309 ad
229 1244 289 1309 hos
319 1244 431 1309 latices
460 1244 640 1323 Pieridum,
678 1266 749 1309 oum
782 1250 873 1308 tauta
903 1245 1068 1329 voluptate
1097 1251 1226 1329 quanta
1257 1246 1326 1328 ipse

156 1349 303 1414 Andreas
326 1349 369 1413 ad
392 1349 505 1414 latices
529 1349 670 1414 accubat
693 1349 893 1416 balneorum.
938 1350 1036 1433 Finge
1059 1357 1096 1415 tu
1119 1349 1199 1415 mibi
1224 1349 1327 1415 homi-

156 1475 229 1520 nem
256 1455 346 1520 humi
376 1476 507 1538 serpere
538 1455 581 1519 ad
604 1454 703 1519 fontis
728 1455 894 1521 meliculam
918 1456 951 1520 in
974 1454 1155 1520 meditullio
1179 1456 1327 1523 aestuarii

156 1582 231 1627 mox
253 1567 420 1644 repentem
443 1582 582 1645 propere
606 1567 681 1643 post
705 1561 839 1626 sudores
862 1561 991 1626 vixdum
1011 1559 1203 1626 meticuloso
1219 1561 1325 1645 primo

156 1665 229 1731 illas
256 1667 344 1751 ipsas
374 1666 491 1732 fistulae
514 1671 624 1750 guttas
648 1667 780 1731 summis
804 1667 947 1750 digitulis
970 1671 1165 1746 attrectare,
1190 1686 1232 1731 ac
1255 1673 1326 1732 tan·

156 1771 229 1837 dem
253 1773 430 1838 stillantem
452 1771 606 1857 aquulam
630 1772 786 1851 osculari,
810 1772 956 1836 clanculo
979 1770 1162 1836 mordicare
1186 1777 1222 1836 et
1245 1772 1325 1837 lam·

155 1878 242 1958 bere,
266 1878 382 1942 deinde
397 1878 559 1942 insumere
576 1883 610 1941 et
625 1898 799 1955 resumere,
824 1883 987 1960 postremo
1011 1876 1153 1955 haurire,
1177 1875 1325 1955 sorbere,

156 1983 315 2066 deglutire
346 1989 379 2046 et
406 2003 508 2067 usque
540 1982 582 2046 ad
611 1982 802 2047 immensam
827 1983 1014 2047 satietatem
1036 1981 1250 2064 ingurgitare.
1297 1983 1325 2047 0

118 2168 120 2173 ⁴
155 2109 253 2171 quam
276 2088 422 2171 prosperi
439 2088 587 2152 Andreae
612 2109 790 2166 successus,
815 2109 833 2153 o
858 2093 981 2170 quauta
1004 2085 1165 2151 fmlicitas
1212 2087 1252 2152 In
1270 2087 1325 2177 siti

155 2191 331 2271 humidum,
347 2193 378 2255 in
396 2198 478 2256 aestu
494 2192 656 2275 frigidum,
674 2199 766 2257 tactu
781 2193 860 2271 leve,
876 2192 947 2257 visu
963 2192 1131 2275 limpidum
1148 2193 1168 2271 ¹,
1184 2190 1324 2257 auribus

155 2318 255 2361 rauco
286 2319 449 2361 murmure
482 2319 649 2377 sonorum,
679 2299 772 2362 dulce
803 2299 925 2380 gustui,
957 2303 991 2362 et
1020 2296 1168 2362 salubres
1191 2296 1324 2376 herbas,

155 2403 394 2485 praeterradens
426 2403 606 2468 suavissimi
637 2403 746 2468 odoris
770 2403 920 2467 libamen.
966 2403 1038 2466 Jam
1063 2400 1222 2484 cogitanti
1244 2401 1325 2467 mihi

154 2514 307 2572 arescunt
336 2507 463 2587 fauces,
495 2514 527 2572 et
556 2509 625 2591 ipse
656 2509 746 2586 sitio,
783 2508 838 2591 qui
869 2507 1029 2571 Andrearn
1065 2527 1168 2589 aquas
1205 2512 1325 2589 potare

155 2612 270 2691 scribo,
294 2634 358 2677 non
381 2613 552 2677 Tantalum
577 2614 631 2697 qui
658 2635 697 2677 ne
724 2613 818 2677 labra
842 2612 971 2695 quidem
995 2613 1155 2690 admovet,
1179 2611 1240 2677 sed
1258 2633 1326 2677 me·
1360 2608 1363 2617 ’

154 2722 283 2783 moratu
315 2718 535 2802 dignissimum
568 2719 687 2783 Protea
721 2719 810 2783 illurn
847 2723 880 2780 et
914 2717 1116 2782 sacerdotem
1141 2723 1174 2781 et
1197 2723 1321 2791 vatem.

154 2821 241 2888 Affer
263 2824 370 2906 igitur,
394 2808 437 2887 mi
455 2823 558 2906 Vigili,
582 2823 765 2887 helveoluur
784 2821 875 2887 tuunr'
890 2821 978 2905 quod
993 2842 1107 2904 graece
1124 2821 1320 2905 chenopoda

155 2928 309 3009 dicimuS,
345 2936 382 2993 ut
416 2929 537 2993 relictis
571 2928 711 2992 Andreae
735 2927 929 2992 Nereidibus
961 2934 1067 2991 tecum
1092 2926 1244 3019 bibamus
1282 2928 1325 2992 si-

154 3033 284 3118 mulque
315 3056 388 3100 cum
412 3034 575 3117 religionis
598 3038 718 3098 nostrae
744 3033 892 3099 columna
915 3031 1037 3097 Jacobo
1060 3031 1212 3114 theologo
1244 3030 1327 3096 Seli·

155 3139 304 3204 statino²
328 3161 423 3223 quern
446 3139 592 3222 apprime
616 3138 723 3221 diligo.
771 3140 813 3203 Et
836 3138 966 3222 quidem
989 3136 1172 3202 laventibus
1189 3137 1319 3220 superis

154 3242 372 3308 combibemus
399 3244 530 3309 taudem
560 3243 747 3328 aliquande,
777 3250 809 3309 et
827 3265 898 3309 una
922 3241 1156 3321 coenitabimus,
1187 3240 1324 3325 quando

155 3368 237 3412 nova
259 3348 344 3411 inter
367 3369 426 3412 nos
449 3348 545 3413 stella
569 3349 647 3414 oriri
672 3359 704 3414 et
725 3349 834 3414 lucere
852 3351 918 3414 visa
935 3355 994 3428 est,
1017 3369 1079 3413 non
1097 3369 1137 3412 ex
1152 3345 1322 3412 veteribus

154 3452 294 3536 planetis
309 3475 400 3532 unus,
417 3475 497 3537 qnos
513 3455 653 3538 majores
670 3454 776 3518 nostri
793 3476 945 3519 erroneos
960 3473 1124 3532 vocavere,
1146 3451 1204 3517 sed
1220 3450 1324 3535 sydus

155 3557 288 3643 aliquod
317 3558 485 3623 summatis
513 3559 601 3624 orbis
637 3559 692 3624 ille
729 3558 990 3624 consultissimus
1020 3557 1103 3642 juris
1133 3556 1324 3639 Venigerus,

154 3685 250 3747 quem
274 3685 331 3730 suo
354 3664 472 3728 merito
495 3685 551 3729 ras
574 3663 679 3748 legum
704 3663 931 3747 apellarerim,
962 3669 1000 3728 ut
1024 3662 1147 3727 Baldus
1171 3662 1324 3727 Aeonem.

154 3770 233 3836 Vale
262 3769 412 3835 foeliciter
443 3791 515 3834 cum
544 3771 609 3834 tuis
640 3771 745 3835 immo
769 3768 889 3835 nostris
914 3776 947 3834 et
970 3767 1123 3851 Dionysio
1146 3765 1245 3832 fratri
1269 3753 1348 3833 be(

39 3866 41 3871 ’
153 3876 247 3942 nesae
270 3877 311 3942 ob
334 3897 478 3940 amorem
501 3876 535 3939 in
550 3881 582 3940 te
598 3895 714 3940 meum.
769 3876 818 3939 Ex
835 3872 1032 3956 Stutgardia,
1048 3877 1140 3939 sexto
1156 3871 1327 3940 Kalendas

162 3979 327 4061 Octobres,
351 3983 443 4047 Anno
467 3981 540 4046 MD.

243 4088 403 4150 Gedrnckt:
432 4096 446 4149 1
467 4112 510 4144 =
527 4089 557 4149 C.
580 4107 606 4149 r.
625 4107 649 4149 e.
676 4087 788 4161 lii2·b;
816 4092 834 4148 2
858 4107 899 4144 =
915 4090 943 4148 J.
965 4107 991 4147 v.
1013 4104 1038 4146 o.
1059 4105 1079 4160 g
1100 4082 1169 4158 ὡς
1195 4089 1278 4146 3:
1295 4086 1328 4153 0,

156 4207 182 4250 v.
200 4209 224 4251 e.
242 4194 272 4251 Π
286 4193 335 4253 fol.
354 4198 413 4253 42ξι
427 4199 471 4256 bis
488 4199 556 4254 43³.

730 4302 747 4341 s

228 4392 239 4436 1
259 4387 405 4457 lympidam
422 4395 443 4441 1.
509 4397 523 4442 2
544 4391 729 4459 wimpfeling.
