2798 4980
679 298 742 368 193

119 505 221 574 quam
242 489 304 557 tibi
324 490 418 556 mitto
434 491 649 576 conjunctam,
694 492 888 577 Quanquam
902 491 1020 574 nescio,
1044 492 1123 579 quid
1146 495 1289 580 portenti

117 595 267 678 quotidie
291 596 464 676 minentur,
487 602 525 663 ut
547 602 622 663 sunt
645 597 899 682 supramodum
923 605 956 664 et
978 598 1172 666 modestiam
1195 603 1290 669 nimis

114 701 298 766 temerarii.
345 700 410 767 Sed
433 702 630 786 sperandum
654 708 704 769 est
726 702 805 769 vivis
824 704 921 788 juxta
942 704 1158 772 Theocritum.
1203 707 1286 799 Nam

116 806 228 872 virtus
261 807 360 873 etiam
396 829 469 873 oum
502 807 659 892 naufrago
692 813 823 890 enatat,
865 809 953 894 quod
986 810 1020 875 in
1053 810 1171 896 Ulysse
1202 811 1291 896 apud

113 910 276 978 Phaeacas
300 911 445 978 vidimus.
491 913 671 979 Jaotabunt
693 935 728 978 se
750 913 888 981 forsitan
903 914 954 981 rel
969 915 1086 996 Romae,
1110 917 1160 982 vel
1177 938 1287 983 coram

113 1017 233 1101 aliquo
256 1018 487 1102 incompetenti
510 1019 621 1103 judice
643 1040 703 1103 per
725 1018 959 1085 abundantiam
979 1021 1201 1105 pecuniarum.
1217 1043 1290 1087 sua·

111 1145 191 1188 rum
223 1123 340 1189 saltem
371 1145 411 1188 ex
439 1124 596 1190 matronis
625 1131 658 1190 et
687 1123 792 1191 viduis
821 1145 1040 1208 corrosanum,
1068 1127 1287 1193 semivacuum

111 1229 322 1313 marsupium
350 1250 456 1295 meum
484 1250 642 1314 superare
672 1251 777 1314 posse.
824 1229 888 1296 Sed
917 1252 1016 1316 quom
1039 1231 1158 1303 famam
1180 1253 1288 1297 meam

112 1334 266 1415 intueor,
296 1335 383 1419 quod
412 1335 565 1420 optimum
589 1335 623 1400 in
646 1335 796 1401 humanis
819 1342 888 1416 est,
912 1343 982 1402 tum
1006 1337 1151 1422 quamvis
1175 1358 1289 1402 revera

111 1440 229 1505 tenuis
253 1461 311 1524 ego
334 1441 408 1506 vitae
430 1440 526 1507 homo
550 1446 583 1507 et
607 1462 690 1507 nunc
714 1439 784 1506 sola
806 1439 1007 1525 agricultura
1030 1441 1150 1507 victum
1175 1441 1290 1526 quaeri·

112 1551 194 1610 tans
226 1545 323 1611 nullis
354 1545 525 1630 stipendiis
555 1547 738 1631 principum
765 1552 823 1612 aut
854 1547 1022 1612 civitatum
1046 1546 1188 1613 donatus
1212 1547 1288 1627 sim3

114 1659 233 1716 tamen
256 1650 498 1721 acerbissimam
522 1658 700 1737 egestatem
728 1651 940 1732 anteferam,
970 1673 1066 1737 quam
1090 1652 1210 1716 famam
1234 1671 1289 1716 ne-

115 1756 249 1840 gligam.
295 1755 344 1821 Ad
376 1756 464 1841 quod
491 1779 542 1823 me
576 1756 728 1823 hortatur
761 1757 996 1823 Demosthenes
1026 1756 1287 1840 Olynthiaoornm

116 1861 219 1928 tertio
251 1861 305 1946 qui
335 1862 399 1927 ait:
446 1863 512 1928 οὔτι
544 1864 701 1953 σωφρόνων
741 1853 811 1927 οὐδὲ
845 1864 988 1954 γενναίων
1013 1864 1098 1935 ,ἐστὶν
1128 1861 1289 1952 ἀνθρώπων

117 1967 312 2052 ἐλλείποντάς
334 1992 365 2031 τι
388 1959 424 2032 hr’
448 1959 563 2032 ἔνδειαν
586 1967 747 2058 χρημάτων
771 1978 832 2032 τῶν
855 1977 910 2032 τοῦ
933 1967 1066 2056 πολέμου
1098 1970 1224 2056 εὐχερῶς
1246 1968 1287 2030 τὰ

117 2082 248 2148 rosade-u
272 2063 371 2145 ὀνείδη
395 2073 490 2162 φέρειν
510 2075 520 2112 ¹
543 2072 665 2138 idest:
689 2072 762 2139 Non
784 2073 898 2158 utique
921 2071 1158 2153 modestorum,
1183 2093 1288 2157 neque

121 2197 353 2262 generosorum
376 2185 427 2243 est
448 2179 626 2258 hominum,
658 2176 844 2244 deficientes
876 2177 1042 2263 quippiam
1065 2185 1200 2263 propter
1221 2178 1291 2244 ino·
1369 2173 1373 2180 ’

122 2283 211 2367 piam
235 2283 444 2366 pecuniarum
467 2283 553 2364 belli,
575 2282 671 2349 facile
694 2282 775 2348 talia
798 2283 957 2369 opprobia
979 2283 1060 2368 pati.

213 2387 298 2454 Sane
327 2389 429 2455 multo
457 2389 595 2454 maxime
618 2388 776 2454 Friderioi
798 2387 898 2455 verba
920 2409 971 2454 me
995 2387 1198 2469 confortant,
1229 2409 1285 2472 op-

123 2494 194 2559 timi
218 2493 385 2578 Principis,
410 2513 481 2579 quae
504 2500 580 2560 sunt
603 2494 727 2560 oraculi
754 2515 853 2578 penes
877 2514 928 2559 me
950 2493 1036 2559 loco:
1064 2493 1152 2574 ,wir
1175 2493 1289 2558 wollen

123 2599 158 2664 In
183 2600 233 2665 nit
254 2597 364 2666 lassen
385 2600 565 2680 hinniehn“,
590 2600 681 2686 eujus
704 2604 741 2666 tu
755 2600 1004 2683 Hierophantes.
1050 2596 1114 2665 Sed
1137 2619 1286 2682 magnam

124 2704 168 2770 de
187 2726 239 2770 me
264 2726 298 2771 es
320 2705 455 2772 meutus
471 2707 620 2790 gratiam,
642 2707 739 2770 immo
763 2705 942 2788 ingentem,
966 2724 1063 2788 quam
1086 2703 1147 2770 tibi
1163 2703 1285 2768 referre

121 2810 263 2896 quidem,
294 2812 364 2878 Deo
395 2811 607 2892 concedente,
638 2831 784 2896 possum;
816 2816 852 2875 at
881 2808 1023 2894 Principi
1051 2828 1116 2875 nou
1144 2825 1288 2892 possum,

124 2924 214 2982 certe
238 2916 279 2983 ob
296 2917 549 3001 magnitudinem
573 2915 814 2982 clementissimi
829 2915 928 2980 animi
947 2935 1025 2998 erga
1040 2934 1091 2978 me
1108 2913 1167 2992 sui,
1192 2932 1289 2996 quem

123 3043 184 3105 per
211 3021 416 3106 epistolam²
443 3020 597 3089 ineffabili
621 3043 681 3088 sua
710 3021 857 3087 bonitate
887 3020 1027 3105 ipsemet
1053 3017 1200 3084 mihimet
1228 3018 1291 3102 ipsi

123 3126 277 3208 ostendit,
301 3132 335 3193 et
357 3127 543 3212 Spoletinus
566 3128 608 3194 ab
632 3149 688 3193 ore
711 3125 894 3193 Bernhardi
924 3125 965 3191 de
988 3122 1142 3204 Hirsfeld,
1172 3124 1294 3208 prinoi-

121 3232 208 3318 palis
237 3231 426 3299 cubicularii
454 3247 583 3319 quoque
613 3234 779 3317 promisit,
809 3237 911 3316 tuque
937 3229 1156 3316 jampridem
1180 3229 1289 3294 divina

123 3359 282 3423 responsa
315 3338 412 3424 plane
444 3337 624 3406 confirmas.
676 3338 725 3404 Ne
758 3338 859 3422 igitur
893 3338 1020 3403 interea
1050 3357 1114 3401 non
1147 3355 1288 3419 agerem,

123 3443 213 3529 quod
242 3443 329 3509 foret
356 3444 389 3510 in
411 3444 591 3529 principem
614 3444 821 3528 gratitudinis
850 3443 1017 3523 indicium,
1048 3441 1203 3508 constitui
1226 3463 1292 3506 me-

122 3571 196 3616 eum
220 3549 271 3616 rel
294 3549 530 3634 aliquantulum
552 3550 696 3615 muneris
720 3550 749 3615 ei
773 3549 835 3615 etsi
855 3549 1023 3616 minimum
1054 3553 1291 3634 repraesentare

122 3655 228 3740 magis
251 3675 350 3740 quam
372 3656 501 3723 omnino
524 3655 604 3721 nihil
628 3653 755 3722 offerre.

213 3761 251 3827 In
274 3768 343 3826 tam
364 3762 463 3847 igitur
485 3761 576 3827 brevi
605 3763 761 3846 temporis
796 3766 968 3839 momento,
997 3762 1092 3824 tanta
1120 3758 1198 3823 licet
1221 3777 1295 3820 oon·

122 3875 270 3934 structus
292 3866 442 3932 molestia
465 3873 498 3932 et
521 3873 587 3932 tam
611 3866 809 3951 importabili
831 3886 965 3951 pressus
994 3883 1081 3942 cura,
1112 3868 1222 3927 tamen
1253 3859 1296 3926 ad

120 3972 254 4041 laudem
283 3973 395 4058 inclyti
425 3973 516 4039 ducis
545 3972 701 4039 Friderioi
734 3972 938 4056 nationisque
965 3974 1046 4048 tuae,
1079 3968 1177 4033 vitam
1212 3964 1296 4030 Con-

120 4079 260 4146 stantini
283 4078 406 4163 Magni,
434 4080 593 4164 majorum
625 4099 756 4145 suorum
787 4075 960 4162 propinqui
992 4093 1136 4158 egraeco
1160 4073 1194 4138 in
1222 4071 1296 4137 lati-

695 4228 714 4263 il·

196 4320 208 4367 1
230 4315 271 4368 01.
293 4318 318 4379 3,
339 4315 381 4367 20.
454 4319 468 4364 2
489 4314 539 4366 Die
558 4313 641 4364 bricia
660 4312 706 4364 des
725 4312 837 4380 horaogs
855 4308 991 4361 Friedrich
1010 4308 1064 4359 und
1084 4308 1216 4376 Spalatius
1236 4307 1296 4359 siud

114 4406 204 4460 isidor
223 4404 300 4458 nieht
312 4402 439 4457 erhalteu.
469 4404 527 4470 Vgl.
547 4404 614 4453 auch
633 4409 715 4454 unteu
733 4405 765 4452 31
780 4403 848 4467 Aug.
865 4402 941 4463 1513,
959 4412 1015 4449 nro.
1030 4397 1134 4448 CLXX.

145 4519 298 4564 Ranchlln
1059 4491 1093 4547 ¹3
