2798 4980
677 297 743 364 288

121 491 249 555 motare
263 489 351 574 quod
361 487 405 556 ad
413 487 604 555 Philoctetis
616 487 786 572 Sophoclei
800 488 998 555 sententiam
1007 489 1157 575 proxime
1171 487 1273 558 aceedit

490 595 510 667 ἥ
534 618 581 659 τοι
603 597 713 683 καίριος
737 585 852 669 σπουδὴ
875 595 968 660 πόνου

337 693 485 776 λήξαντος
508 701 599 765 ὕπνον
621 699 826 765 κάνάπαυλαν
849 701 1000 792 ἤγαγεν.1

209 805 257 870 Ao
279 805 374 872 simul
397 806 432 871 id
454 806 488 871 id
511 805 664 891 quioquid
688 813 738 871 est
761 805 848 891 quod
871 806 904 872 in
927 805 1103 873 Hebraicis
1126 827 1195 873 sum
1214 827 1267 872 con·

120 915 252 976 secutus
281 918 369 978 certe
404 912 491 997 quod
533 912 775 996 comparatione
814 912 1078 978 doctissimorum
1104 911 1265 979 Judaeorun

121 1016 205 1083 exile
233 1018 368 1083 nimium
396 1019 508 1102 judico
543 1019 665 1084 amicos
701 1018 808 1084 celare
845 1039 909 1083 non
944 1039 1089 1102 possum.
1141 1016 1201 1084 Sed
1223 1037 1265 1100 per

82 1152 86 1159 ·
120 1121 303 1190 libellorum
339 1124 513 1191 editionem
546 1125 632 1190 inter
661 1124 774 1190 avidos
805 1123 927 1189 sciendi
957 1144 1076 1207 spargo
1106 1123 1263 1207 discipulos,

120 1228 238 1313 quibus
260 1229 435 1315 aliquando
458 1252 536 1296 vera
558 1252 635 1313 erga
657 1252 708 1296 me
724 1229 890 1314 gratitudo
913 1229 989 1295 inde
1004 1235 1170 1296 accrescet
1190 1248 1264 1314 quan·

120 1341 189 1400 tum
220 1356 294 1401 oum
325 1336 387 1402 deo
416 1335 487 1402 fieri
510 1338 633 1421 poterit
662 1336 845 1402 vindicandi
875 1334 949 1400 mei.
996 1333 1057 1400 Vel
1085 1333 1218 1414 etiamsi,
1238 1336 1264 1398 ut

119 1441 360 1525 perepistolam
383 1443 570 1508 comminati
585 1449 661 1508 sunt
676 1442 786 1507 hostes
807 1441 881 1520 mei,
898 1445 975 1524 post
999 1461 1166 1507 excessum
1188 1437 1264 1504 erite

120 1545 205 1612 leoni
220 1548 370 1613 mortu02
386 1547 524 1614 barbam
539 1546 669 1613 vellant.
700 1547 763 1613 Sed
774 1549 806 1611 in
821 1567 941 1630 aquam
964 1544 1043 1611 baeo'
1058 1546 1179 1631 scripta
1189 1545 1239 1610 sint
1246 1541 1261 1606 ³.

207 1652 375 1738 Nusquam
406 1654 464 1719 viri
496 1645 571 1719 boni
600 1653 756 1719 honorem
794 1651 915 1731 minuo,
945 1651 1062 1735 procul
1085 1657 1154 1718 esto
1175 1671 1195 1716 a
1217 1667 1263 1713 ne.

119 1756 185 1824 Sed
198 1757 356 1843 malignos
379 1764 413 1824 et
435 1764 549 1842 putres
567 1758 846 1842 philosophastros
869 1758 992 1842 optimo
1022 1758 1099 1842 jure
1123 1762 1207 1835 noto,
1223 1751 1263 1838 qui

118 1863 152 1929 iu
174 1884 267 1931 anum
290 1865 435 1949 ipsorum
458 1864 592 1931 exitium
615 1873 738 1930 temere
767 1869 943 1949 captantes
975 1863 1167 1948 capiuntur,
1191 1865 1218 1925 et
1238 1860 1263 1921 ut

119 1970 204 2037 alter
226 1970 390 2037 Perillus⁴
413 1971 478 2055 ipsi
499 1992 596 2056 quem
612 1969 718 2036 fecere
734 1976 864 2036 taurum
887 1991 960 2037 oum
984 1990 1101 2054 magno
1125 1988 1181 2034 suo
1200 1961 1263 2031 nalo

119 2076 338 2161 experiuntur.
391 2076 598 2142 Gaudeamus
629 2076 728 2159 igitur
750 2075 912 2156 hilariter,
941 2075 1055 2155 beate,
1072 2071 1217 2160 jucunde,
1234 2066 1264 2134 ob

118 2181 239 2247 virtute
262 2188 388 2265 partam
414 2181 507 2248 nobis
529 2182 686 2265 gloriam,
717 2203 756 2248 ac
778 2182 843 2247 illis
875 2202 1005 2267 quoqne
1020 2179 1164 2266 posteris
1181 2180 1265 2263 gratu·

119 2285 224 2351 lemur
246 2294 380 2372 propter
402 2293 471 2353 tam
495 2294 681 2374 opportuna
696 2288 991 2354 sacratissimarum
1006 2285 1176 2352 literarum
1195 2277 1265 2349 semi

117 2392 211 2456 naria
239 2413 311 2477 quas
339 2393 476 2459 Adriani
505 2395 611 2461 nostri
641 2394 781 2477 jacimus
814 2391 1004 2459 autoritate.
1055 2391 1129 2457 Nou
1158 2386 1265 2456 dubium

118 2497 195 2582 quin
218 2497 267 2563 bae
290 2499 417 2565 radices
432 2522 496 2565 non
517 2499 613 2566 modo
636 2501 669 2565 in
691 2499 838 2573 surculos
859 2497 1035 2582 pullulent,
1059 2516 1169 2563 verum
1191 2493 1264 2561 etan

116 2603 150 2668 in
182 2626 334 2688 proceras
364 2612 555 2672 excrescant
576 2606 684 2685 alnos,
723 2606 829 2690 sylvas
867 2609 901 2669 et
922 2603 1032 2684 lucos,
1054 2603 1090 2668 in
1113 2600 1220 2688 quibus
1237 2599 1263 2661 ul

117 2709 266 2795 Orpbeus
293 2710 337 2777 ad
363 2712 523 2778 Ismarum
555 2718 589 2778 et
618 2711 794 2796 Rhodopen
828 2711 876 2775 in¹
892 2709 1048 2790 Thracia,
1080 2709 1128 2775 sic
1158 2699 1262 2775 noaad

113 2816 227 2902 jugum
250 2818 452 2904 Hercynium
479 2824 579 2904 atque
600 2818 746 2884 Bacenas
767 2818 800 2882 in
817 2815 948 2896 Suevia,
975 2814 1177 2901 Pythagoreo
1194 2827 1261 2878 mora

117 2923 277 2990 citharam
287 2930 432 2991 nostram
448 2925 600 2991 docemus
617 2925 725 2990 divina
733 2922 946 2989 Hebraeorum
963 2921 1111 2988 earmina
1126 2933 1260 2992 resonata

116 3049 255 3114 quorum
271 3029 516 3116 symphoniam⁵
535 3030 587 3096 hic
603 3030 833 3115 subjungimus.
865 3028 1074 3094 Diatonicum
1096 3033 1200 3093 autern
1211 3041 1259 3088 mo

119 3136 269 3203 dulamen
280 3137 374 3203 nobis
387 3136 500 3203 attulit
517 3136 777 3204 Bessosthemius
792 3132 976 3201 sacerdost
993 3124 1260 3201 Harmoniamieoit

694 3322 711 3361 lt

189 3478 198 3523 1
214 3473 262 3524 lid.
277 3472 457 3526 Schneidewin
466 3471 620 3525 ondNauck
634 3489 658 3524 ν.
676 3473 736 3524 637.
751 3475 811 3524 638.
824 3466 878 3536 ἤτοι
894 3475 916 3521 1.
930 3468 952 3520 κ’
965 3464 1111 3522 ἀνάπαυλαν
1126 3473 1148 3520 1.
1178 3458 1258 3519 atad

115 3561 229 3630 mortuo]
255 3578 277 3614 s.
302 3580 325 3614 ο.
354 3563 404 3614 den
429 3562 501 3614 brief
516 3560 659 3614 Reneblins
685 3577 718 3610 an
738 3560 780 3613 die
805 3559 900 3612 C'o'lner
925 3558 1038 3610 lacultitt
1062 3561 1094 3610 29
1115 3557 1185 3610 Febr.
1203 3554 1259 3611 1511,

114 3664 136 3702 n.
158 3652 215 3702 166.
306 3654 321 3702 3
349 3652 403 3702 Das
423 3651 501 3702 dritte
533 3650 603 3702 buch
631 3649 678 3700 bat
702 3650 780 3702 keine
808 3647 926 3711 vorred03
953 3662 1002 3698 aus
1029 3646 1090 3699 dem
1114 3645 1208 3698 schlusa
1225 3639 1258 3690 dot

113 3755 216 3806 ganzen
235 3739 307 3790 scien
326 3739 450 3806 folgende
470 3746 551 3791 worte
570 3739 738 3806 mitgctheilt.
812 3744 829 3788 4
848 3735 961 3788 Perillus
973 3735 1148 3800 =Perilaos,
1166 3733 1206 3785 der
1219 3743 1258 3778 ern·

111 3824 212 3895 gisber,
231 3827 276 3879 der
289 3829 330 3879 fiir
343 3829 392 3879 deo
406 3835 535 3894 tyrannen
545 3827 664 3879 Phalaris
677 3828 727 3879 den
741 3828 855 3878 eherneu
868 3826 933 3878 atior
947 3826 1108 3894 veriertigte.
1178 3819 1258 3885 bdym·

112 3916 246 3986 pboniam]
266 3917 308 3969 die
326 3917 501 3968 bebetischen
521 3917 667 3968 melodieeu
691 3916 779 3982 folgen
798 3917 847 3967 aut
871 3913 956 3966 dent
979 3913 1123 3982 folgenden
1141 3912 1214 3963 seiten
1228 3905 1259 3955 dir

112 4005 267 4073 Discentur,
289 4005 381 4070 Altus,
401 4007 500 4071 Tener,
520 4007 628 4057 Bassus.
701 4009 717 4056 6
736 4003 950 4072 Bossoatbenina]
970 4002 1039 4054 obne
1057 4002 1157 4054 uweiiel
1174 3999 1259 4051 dobant

112 4093 312 4159 Bdaohenstein,
330 4093 377 4146 der
389 4097 415 4146 in
429 4094 475 4147 der
494 4095 562 4147 oben
580 4110 635 4145 nro.
651 4093 809 4145 CLXXXVI
827 4091 1033 4145 besobriebenon
1046 4091 1168 4144 schriftB
1186 4088 1212 4139 db
1226 4097 1259 4152 gt

112 4189 171 4248 aagt
189 4183 272 4238 hatte:
293 4184 340 4235 sed
358 4182 429 4235 diota
448 4184 540 4239 ultimo
558 4190 712 4250 punctorum
731 4182 772 4233 vel
792 4189 936 4248 temporum
959 4195 1059 4247 genera
1078 4177 1209 4230 musicalia
1223 4170 1261 4222 σοὶ·

112 4267 175 4321 licet
192 4278 218 4321 et
236 4273 402 4324 acceotnalia
420 4289 472 4324 non
491 4273 524 4324 ad
544 4272 649 4338 ignaros
669 4271 716 4322 sed
734 4271 767 4322 ad
786 4271 884 4338 peritos
902 4269 980 4333 hujus
997 4269 1061 4319 artis
1080 4271 1212 4335 pertinent
1231 4261 1262 4310 ΒΘ

112 4360 207 4423 quibus
227 4361 461 4412 observandissimi
480 4368 650 4429 praeceptores
670 4361 720 4411 mei
739 4357 1000 4412 Joannessseuenlin
1019 4363 1045 4408 et
1060 4357 1159 4423 Csspar
1171 4357 1262 4405 amman

111 4449 262 4520 propediem
280 4450 358 4522 plura
377 4457 402 4502 et
421 4451 530 4520 egregia
548 4449 669 4502 tradituri
687 4454 756 4514 sunt,
775 4446 871 4516 quibus
889 4460 993 4516 quoque
1012 4442 1126 4523 libepter
1138 4443 1187 4498 hae
1203 4443 1227 4492 in
1242 4450 1264 4492 rt
