2798 4980
668 333 736 399 282

203 523 979 604 cmmmt21=s.v.e.cab;2=c0rpm
1000 525 1247 589 retomuoruuet

118 632 352 707 Βτώώιιοίἀοτ,
376 635 433 694 rol.
457 633 480 708 1,
503 633 558 693 ool.
583 635 622 694 21
649 633 690 709 lg.
1296 632 1298 673 :

663 817 752 885 CCL.
1295 858 1298 863 -

186 910 329 975 stuttgart.
1077 908 1149 959 tete.
1166 905 1225 958 Febr.

111 994 281 1073 'Adriano
309 995 346 1069 S.
376 993 611 1096 Chrysogoni
634 994 940 1071 reverendissimo
960 995 1142 1072 cardinali
1164 995 1252 1072 Joau·

73 1150 79 1159 ·
158 1147 222 1195 nes
249 1118 433 1194 Reuchlin
460 1119 681 1194 Phorcensis
711 1119 786 1194 LL.
819 1117 949 1194 doctor
983 1118 1141 1194 salutem
1165 1118 1223 1195 dat

203 1283 373 1349 Hebraicae
401 1284 547 1348 veritatis
570 1285 789 1360 amatoribus,
818 1283 975 1361 Adriane,
999 1282 1188 1368 optimarum
1206 1278 1256 1345 lite·

115 1394 224 1455 r'arum
246 1397 398 1473 patrone,
427 1409 531 1472 nuper
557 1390 591 1453 iu
622 1389 671 1454 tui
700 1389 836 1454 nominis
866 1388 1004 1472 gloriam
1032 1389 1120 1455 nullo
1142 1406 1254 1473 uuqmu

113 1500 259 1580 tempore
274 1495 481 1559 interiturum
492 1501 525 1559 et
543 1494 687 1559 ecclesiae
703 1495 893 1561 uniuersalis
906 1501 1098 1580 perpetuam
1112 1493 1258 1560 utilitatem

114 1621 174 1685 ego
195 1601 320 1687 primus
336 1600 487 1680 omnium,
511 1622 593 1685 quos
618 1608 708 1666 terra
729 1601 882 1679 sustinet,
906 1599 1008 1665 libros
1030 1599 1072 1666 de
1094 1596 1254 1665 accentibus

114 1714 150 1776 et
187 1706 417 1791 orthographia
458 1707 644 1772 Judeeorum
692 1727 840 1772 sermone
874 1706 976 1773 latino
1013 1705 1117 1786 edidi,
1157 1711 1252 1789 tuoque

113 1812 213 1880 foelici
234 1812 385 1897 presidio
408 1812 528 1891 dicari,
559 1817 596 1877 ut
618 1819 745 1877 certum
776 1811 914 1878 haberet
936 1796 1053 1877 ducem
1076 1804 1255 1877 externarum

114 1917 296 2003 linguarum
320 1917 467 1984 studiosa
485 1920 654 2001 juventus,
677 1916 738 1982 sub
761 1919 853 2002 cujus
875 1918 966 2001 siguo
989 1917 1097 1983 levato
1120 1917 1256 1992 militaret

114 2045 188 2091 cum
210 2045 292 2109 opus
315 2023 401 2089 foret
423 2030 538 2089 contra
567 2023 708 2088 furiosos
732 2030 765 2087 et
787 2023 920 2089 rabidos
947 2045 1047 2089 canes
1071 2023 1172 2089 omnis
1192 2021 1258 2087 boue

114 2129 196 2194 artis
212 2148 333 2207 osores,
356 2136 470 2193 contra
493 2128 581 2193 luem
593 2136 626 2193 et
648 2136 775 2213 pestem
792 2130 976 2210 vetustatis,
999 2135 1116 2195 contra
1130 2128 1258 2195 librorum

113 2232 339 2313 incendiarios,
365 2242 644 2299 monumentorum
673 2236 972 2320 antiquissimorum
1000 2234 1128 2302 cladem
1150 2240 1181 2301 et
1198 2229 1259 2298 orbi·

114 2345 217 2405 tatem
233 2339 388 2404 sitientes.
411 2340 483 2405 Nou
505 2341 584 2405 satis
607 2362 678 2405 esse
694 2341 779 2420 duxi,
796 2347 847 2407 tot
864 2340 1051 2408 exantlatos
1061 2341 1196 2419 labores,
1207 2344 1258 2403 eu·

114 2449 184 2510 tum
200 2465 316 2528 operae,
332 2452 459 2510 tautum
476 2446 539 2511 olei
555 2447 779 2530 superioribus
802 2448 894 2511 anuis
917 2449 950 2511 iu
966 2448 1164 2513 noviciorum
1178 2441 1259 2512 studia

115 2549 321 2635 impendisse,
337 2560 372 2616 ut
396 2572 452 2616 eos
476 2560 510 2616 et
532 2573 649 2634 graeca
664 2554 812 2636 primum,
835 2552 952 2618 deiude
976 2560 1010 2618 et
1024 2552 1203 2619 rudimenta
1214 2549 1259 2614 lle·

114 2655 229 2724 braica
261 2678 333 2721 cum
365 2657 453 2722 nullo
488 2679 559 2723 meo
597 2658 687 2724 lucro
719 2680 759 2723 ue
788 2666 920 2743 sperato
956 2658 1089 2743 quidem
1122 2659 1257 2730 docerem,

114 2762 177 2829 nisi
200 2763 297 2827 etiam
322 2768 356 2827 et
378 2764 725 2829 consummatissimam
754 2764 979 2848 grammatices
1013 2764 1173 2831 hebraica
1200 2763 1258 2828 haue

113 2876 242 2955 partem
261 2875 317 2934 tuo
341 2875 421 2933 nutu
445 2876 544 2954 atque
569 2872 699 2936 numine
722 2870 867 2936 discendi
891 2869 1017 2954 cupidis
1040 2871 1181 2954 gratuito
1196 2886 1259 2933 mou-

115 2981 264 3054 strarem,
286 2974 320 3039 id
338 2974 424 3058 quod
439 2976 645 3058 potissimum
665 2977 728 3042 fuit
753 2975 970 3042 scribentibus
999 2976 1095 3042 nobis
1114 2976 1257 3062 reliquum,

114 3081 171 3167 qui
194 3080 425 3165 desyderamus
450 3081 545 3166 pleno
579 3089 712 3165 pectore
737 3104 775 3147 ac
800 3082 878 3146 totis
903 3080 1026 3147 viribus
1054 3081 1193 3147 omnium
1209 3082 1257 3143 stu·

108 3174 279 3253 'diosorum
294 3186 442 3265 salutem,
457 3186 658 3270 dignitatem,
681 3196 780 3274 atque
796 3188 978 3272 profectum
993 3209 1074 3253 cura
1090 3184 1256 3272 cogitatione

113 3291 230 3376 vigiliis
260 3297 294 3357 et
320 3291 599 3357 lucubrationibus
636 3295 757 3359 nostris
790 3314 989 3378 comparare.
1044 3292 1129 3359 Nam
1158 3306 1259 3374 semper

113 3395 183 3463 bac
205 3396 284 3462 mihi
306 3396 369 3463 fuit
391 3398 423 3462 in
448 3406 575 3482 partem
591 3398 803 3466 beatitudiuis
830 3406 945 3484 optata
967 3421 1056 3479 sors,
1081 3405 1118 3466 ut
1141 3394 1260 3465 omuibus

116 3501 274 3588 prodesse
297 3524 446 3587 possem,
471 3526 590 3571 nocere
615 3506 760 3584 memini,
783 3505 846 3570 nisi
866 3505 950 3571 forte
966 3504 1138 3572 lacessitus
1159 3500 1258 3587 injurie.

115 3607 274 3675 Nimirum
291 3609 333 3673 ad
349 3609 409 3674 hoc
432 3631 483 3675 me
499 3618 618 3676 natura
632 3611 767 3688 inflexit,
794 3611 944 3677 educatio
959 3612 1095 3696 aptarit,
1112 3616 1145 3676 et
1159 3601 1258 3674 risendi

114 3714 314 3781 consuetudo
340 3716 462 3800 jugiter
486 3719 673 3796 commovit,
698 3725 733 3782 ut
756 3717 836 3782 nihil
861 3738 931 3782 esse
955 3717 988 3782 iu
1011 3717 1073 3782 hoc
1098 3715 1201 3782 seculo
1219 3710 1257 3777 be

114 3821 201 3887 atius
217 3820 407 3902 arbitrarer,
422 3843 520 3907 quam
542 3824 576 3887 in
592 3825 734 3890 omnium
751 3824 911 3890 bonorum
926 3822 1093 3888 hominum
1108 3815 1259 3893 commode
1293 3808 1298 3829 ⁶

114 3927 251 3994 sudores
274 3933 307 3992 et
330 3927 458 3994 labores
482 3935 611 3994 nostros
636 3917 835 3995 couiertere.

204 4032 312 4118 thue
329 4033 408 4098 nihil
429 4055 541 4100 eorum
556 4036 700 4118 ignores:
713 4037 781 4120 jam
797 4056 875 4101 saue
889 4034 931 4100 ab
949 4034 1030 4118 ipsis
1046 4034 1120 4100 rita
1142 4051 1213 4098 mee
1227 4025 1261 4091 il·

102 4137 284 4205 'cunabulis
308 4161 401 4206 orsus
426 4141 525 4230 <irrep
548 4145 608 4205 ἀπὸ
630 4152 768 4231 γραμμῆς
792 4141 936 4206 rationes
968 4159 1081 4205 omnes
1114 4158 1198 4205 meas
1216 4127 1260 4199 tibi

118 4243 234 4326 exigua
258 4244 380 4310 scheda
402 4244 560 4329 colligam.
594 4246 681 4310 Nihil
697 4247 838 4312 omnium
862 4251 955 4311 tauta
977 4245 1078 4310 animi
1092 4244 1143 4311 rel
1157 4246 1260 4309 conteu-

115 4347 203 4413 tioue
226 4350 277 4415 vel
300 4351 451 4435 cupidine
474 4373 546 4417 sum
570 4358 714 4417 sectatus
738 4357 860 4437 quauta
882 4348 1052 4436 multiplex
1075 4350 1155 4416 illud
1177 4351 1261 4414 exter·

112 4473 230 4525 narum
256 4455 439 4548 linguarum
469 4458 626 4541 studium,
658 4464 696 4524 ut
725 4480 793 4530 nou
822 4456 968 4530 dubitem
999 4457 1093 4549 sigua
1129 4453 1208 4550 genii
1224 4465 1261 4517 ut
