2580 4178
667 22 741 91 -278

125 221 353 307 magistrorum
375 215 484 285 divino
504 216 642 301 ingenio,
665 212 862 299 gravissim
883 210 1065 295 sententio,
1086 215 1124 279 ot
1144 230 1179 275 m
1208 262 1211 268 -
1238 243 1251 267 ιι
1289 245 1290 248 ι

126 349 167 413 ιιι
178 323 402 393 secretissimis
417 342 585 391 serrorum
599 320 771 389 litatorum
776 316 898 387 abditis
913 318 1033 387 ιιιιιιιιι
1043 322 1079 387 ot
1093 316 1252 413 depromp

126 430 234 511 Absit,
255 428 343 496 obsit
365 433 404 494 ut
427 426 616 495 Geboiistioi
637 424 714 493 libri
724 424 873 521 lvmoauo·
888 416 1279 503 obsmmomdi'iriidsutur

126 535 214 619 digni
242 534 338 620 piene
363 536 457 613 sunt,
488 541 527 599 ut
562 532 740 617 iniiuguem
768 528 907 597 lotium
941 524 1033 597 fideii
1048 520 1103 597 'st
1133 526 1275 597 iuouloo

124 639 300 707 troistioue
322 643 501 715 vertuntur.
537 637 603 705 Sed
625 642 660 705 ot
681 643 716 705 to
737 635 920 723 interprete
940 634 1139 735 uonouiios÷

124 766 177 812 me
200 764 310 831 spero,
351 763 416 810 uon
448 748 578 810 mutum
608 746 721 811 sutem
742 762 820 829 ego,
845 740 906 809 ssd
935 740 1092 811 nimirum
1111 738 1288 829 oonplm·

125 849 183 918 olii
214 856 249 916 et
277 847 366 915 dooti
395 854 429 914 ot
451 847 528 914 boui
549 848 612 915 viri
634 848 691 934 qui
712 852 987 935 tepmosptors,
1016 852 1053 913 ts
1082 838 1288 929 uetuisset

128 956 211 1023 duos
235 954 410 1022 Gobsiistee
433 954 580 1021 evadent.
625 952 713 1022 iilud
733 958 895 1039 proteres
917 950 1286 1051 odmiros'ouerioeio

124 1060 271 1128 sissimus
307 1060 522 1144 Hieronymus
544 1060 607 1127 ilis
637 1058 791 1127 Dolmsts
825 1059 861 1127 io
893 1056 1286 1141 immunitiones-sm

116 1165 304 1233 doctrinam
327 1171 386 1231 eut
409 1165 588 1249 neglexerit
607 1171 667 1233 sut
689 1164 940 1251 contempserit,
961 1169 1001 1233 ot
1022 1158 1285 1253 no-'noqusi

117 1271 201 1338 'dom
225 1270 354 1338 Gabelae
377 1290 514 1355 usquam
536 1270 569 1335 in
593 1271 664 1355 ejus
687 1256 819 1356 seriptis
841 1269 1036 1337 invenietur.
1061 1268 1219 1339 'Nouum
1235 1290 1284 1355 op)

123 1376 283 1443 haetenus
299 1375 386 1461 apud
403 1397 477 1442 eum
491 1374 556 1460 legi
571 1375 659 1462 quod
675 1398 716 1443 ex
727 1375 830 1443 saeris
844 1375 1057 1462 literisjuxto
1079 1380 1152 1445 tros
1166 1374 1284 1443 Gumis

126 1483 251 1568 species
287 1481 482 1547 fabricatum
518 1482 561 1547 sit
596 1483 786 1567 mysterium
817 1487 853 1549 et
888 1480 1088 1567 symbolum,
1122 1486 1160 1549 st
1188 1486 1283 1549 tsnioo

125 1589 236 1674 plures
260 1587 473 1654 Cabelistioos
496 1586 596 1653 libros
621 1587 726 1655 editos
749 1588 848 1654 fuisse
861 1593 1007 1673 tempore
1029 1586 1121 1655 iliius
1142 1608 1204 1674 pro
1224 1608 1284 1655 eoo·

125 1692 211 1759 fesso
227 1693 341 1759 habeo.
381 1693 533 1759 Ceterum
551 1693 811 1777 exploratissima
827 1715 912 1761 nuno
935 1693 1014 1760 mihi
1029 1694 1198 1761 sententio
1208 1688 1283 1764 nidi

125 1800 282 1865 dieentis²
297 1808 363 1859 osu
380 1810 461 1875 oroi*
478 1811 582 1860 :iuss
599 1810 688 1881 qum
718 1801 847 1883 Adepte
863 1799 948 1866 enim
963 1819 1049 1867 nuno
1062 1800 1185 1867 uetitis
1199 1820 1285 1887 quos·

124 1905 333 1987 tulaoumque
347 1902 493 1984 Oebeiae,
523 1904 698 1973 discretior
725 1926 824 1994 suns,
848 1905 982 1990 cupiens
1002 1905 1072 1973 olio
1096 1905 1224 1993 mojors
1242 1904 1285 1973 oui

124 2009 268 2075 scientiae
297 2009 451 2094 indagare
488 2018 624 2077 secrete.
671 2011 801 2078 Movere
834 2010 989 2079 haberem
1022 2010 1127 2079 dubio
1158 2011 1285 2099 plurim

123 2136 195 2202 quse
217 2135 269 2179 me
293 2136 485 2200 suspensum
510 2121 630 2195 tenent,
654 2116 713 2182 sed
736 2116 823 2203 quod
845 2138 910 2183 non
932 2121 1000 2183 tem
1015 2116 1285 2205 Oabslaeosqmu

121 2220 348 2306 pythagoraeos
361 2220 466 2286 tribus
479 2221 529 2287 his
545 2222 610 2288 tuis
625 2221 718 2288 libris
733 2221 1000 2306 instituis,plsne
1024 2242 1180 2307 sguosoo.
1196 2222 1286 2303 Qus

122 2347 196 2392 rere
212 2326 291 2390 mihi
309 2347 372 2390 nou
396 2325 504 2406 licere,
526 2327 762 2411 interrogatum
785 2326 944 2395 autemid
967 2327 1072 2395 solum
1097 2328 1285 2417 respondere

124 2441 228 2492 n'tszn
259 2443 348 2491 erus·
361 2431 442 2497 Vale
459 2430 666 2498 foelieissime.
688 2434 734 2498 De
751 2453 851 2499 causo
870 2439 928 2498 tue
951 2434 1099 2501 Romano
1111 2436 1284 2512 certiorem,

122 2558 174 2602 me
188 2536 316 2616 reddes,
334 2544 367 2602 et
378 2537 458 2622 quid
469 2532 548 2598 *Siti
569 2539 803 2622 interpretetur
816 2539 1017 2605 canticorum
1027 2540 1149 2624 primo:
1163 2542 1285 2608 Vineam

125 2664 229 2708 meam
246 2664 309 2708 non
327 2644 495 2708 custodivi.
522 2645 569 2710 Ex
586 2645 788 2729 Ottenpurrs
804 2645 915 2730 pridie
929 2645 1009 2712 Idus
1031 2647 1184 2731 Augusti.
1203 2653 1285 2713 1517.

210 2752 388 2812 Handsohr.:
415 2774 457 2806 =
479 2755 542 2812 Nic.
572 2754 746 2832 Ellenbogii,
782 2755 866 2831 epist.
900 2755 968 2815 libri
998 2755 1055 2832 IX,
1085 2773 1155 2817 mse.
1186 2757 1282 2820 voti

124 2856 174 2916 lib.
196 2857 252 2931 III,
276 2859 359 2933 epist.
385 2863 437 2931 29,
461 2858 510 2919 fol.
537 2853 597 2918 33b
613 2860 657 2919 bis
675 2863 743 2920 35⁸.

626 3061 791 3130 CCXLIV.

195 3145 261 3196 cun
1028 3157 1043 3205 s
1064 3154 1137 3224 Sept.
1158 3157 1257 3228 (1617.)

245 3235 272 3309 ,J
273 3234 437 3311 ohannes
466 3235 646 3313 Oaesarius
688 3239 873 3342 Oapnioni
905 3269 971 3317 suo
999 3243 1171 3322 salutem.

216 3383 336 3448 Ductor
373 3385 533 3451 Martinus
563 3387 759 3472 Groningus‚
796 3390 905 3474 petris
936 3392 1137 3474 Bremensis,
1166 3394 1223 3460 ubi
1253 3417 1287 3460 ex

127 3487 208 3554 urbe
222 3489 388 3554 Coloniam
412 3491 520 3571 rediit,
544 3493 586 3557 ad
610 3516 660 3559 me
683 3495 827 3576 divertit,
851 3503 950 3580 etque
973 3518 1032 3580 per
1055 3519 1202 3566 mensem
1226 3500 1285 3566 fere

128 3594 160 3658 in
195 3595 319 3661 aedibus
347 3596 427 3660 meis
455 3605 602 3665 versatus
627 3607 660 3665 et
689 3601 872 3685 hospitatus
907 3610 965 3667 est.
996 3600 1134 3672 interim
1163 3628 1204 3672 ne
1226 3606 1286 3672 dies

125 3700 254 3783 quidem
286 3701 348 3766 fuit
370 3702 403 3765 in
434 3725 497 3788 quo
531 3727 593 3770 uon
622 3706 718 3771 dete
748 3709 956 3773 commentati
984 3708 1153 3777 fuerimus.
1201 3711 1286 3779 Multi

126 3825 252 3888 quoque
278 3807 318 3872 ob
351 3809 485 3874 eandem
517 3832 648 3877 eausam
682 3813 725 3877 ad
760 3835 819 3878 nos
848 3820 1007 3880 venerunt
1039 3822 1077 3881 ut
1106 3839 1285 3903 quanquam

126 3908 208 3973 slies
233 3912 314 3977 certi
338 3934 407 3978 esse
430 3922 585 4000 poterant
608 3917 648 3983 de
672 3939 777 3983 causes
801 3925 865 3984 tuae
888 3920 920 3984 in
945 3920 1026 3986 urbe
1050 3928 1215 4005 tractatu,
1245 3945 1279 3990 ex

684 4049 700 4086 *
