2798 4980
726 343 768 410 18

158 539 192 601 et
210 534 376 618 propriam
401 539 434 599 et
461 553 553 599 suam
577 535 730 619 atquem
754 533 836 599 alias
859 533 1083 619 multipliciter
1105 536 1227 602 habent
1250 536 1332 603 mihi

157 660 198 705 ex
220 639 304 706 bono
329 646 362 704 et
385 659 478 724 aequo
501 639 682 705 traditoris.
712 638 822 716 ¹Quod
847 660 886 704 ne
915 640 948 703 in
972 640 1124 705 damnum
1140 641 1201 706 tibi
1224 642 1331 708 tuisve

156 746 259 829 possit
275 767 406 828 vergere
422 744 501 810 facit
516 745 659 810 tenuitas
676 743 777 808 libelli
794 765 832 809 ac
857 766 966 809 rerum
990 745 1084 828 copia
1107 748 1331 832 sermonisque

156 872 220 936 quo
236 851 378 934 scriptus
395 855 485 915 extat
502 850 608 915 aliena
623 850 858 934 peregrinaque
875 850 1097 930 commoditas,
1115 873 1189 916 nam
1206 875 1330 936 graecus

156 962 206 1023 est
221 979 286 1041 qua
301 957 410 1038 lingua
433 955 550 1019 nedum
567 955 699 1019 Basilea
723 955 839 1034 omnis,
866 977 976 1020 verum
996 957 1093 1020 etiam
1111 963 1181 1022 teta
1197 959 1331 1042 quidem

154 1062 328 1128 Germania
344 1083 407 1126 non
424 1062 536 1126 utitur.
576 1062 624 1126 Ea
639 1082 767 1144 quoque
784 1060 816 1123 in
833 1082 932 1125 causa
948 1062 1103 1146 quicquid
1124 1084 1183 1145 per
1213 1070 1246 1128 te
1271 1061 1330 1130 fiet

154 1168 188 1253 id
221 1169 294 1252 jure
325 1160 447 1250 optimo
476 1165 541 1231 fiet.
587 1165 782 1249 Intelligenti
811 1166 869 1230 tibi
898 1167 1014 1250 loquor
1043 1167 1327 1234 confidentissime.

238 1268 392 1353 Legavit,
414 1277 451 1336 ut
471 1271 570 1350 nosti,
592 1270 685 1335 bonae
704 1272 866 1336 memoriae
882 1272 931 1337 Jo.
949 1273 1162 1356 Rhagusaeus‚
1190 1273 1220 1338 S.
1238 1274 1332 1357 Syxti

69 1383 116 1467 χ
156 1378 337 1443 Cardinalis
366 1375 493 1441 libellos
520 1375 703 1460 hujusmodi
731 1375 887 1458 graculos
910 1377 1069 1443 Jacobitis
1094 1379 1329 1445 Rasiliensibus

156 1505 237 1568 quos
265 1483 292 1547 si
320 1482 463 1546 alienare
493 1488 692 1565 praesumant
714 1502 810 1564 poena
835 1488 926 1546 extat
950 1483 1104 1567 adjuncta
1127 1490 1163 1548 ut
1186 1485 1219 1548 in
1243 1505 1329 1549 com-

155 1589 287 1661 missum
312 1587 371 1652 tibi
395 1586 522 1651 cadant.
560 1587 643 1651 Tota
663 1607 762 1652 causa
782 1586 850 1652 haec
871 1593 937 1652 est:
962 1588 1147 1653 defensione
1164 1611 1227 1654 non
1244 1597 1328 1673 eget,

155 1682 376 1760 controversie
405 1698 504 1758 caret.
558 1690 741 1757 Gratificari
775 1699 808 1756 te
837 1693 916 1756 mihi
944 1715 1039 1777 posse
1069 1715 1180 1758 omnes
1208 1694 1329 1759 iutelli-

153 1806 247 1883 gunt‚
276 1805 313 1865 tu
337 1821 412 1863 vero
429 1797 568 1862 omnium
593 1798 746 1876 maxime,
779 1798 834 1880 qui
861 1798 930 1880 ipse
955 1798 1160 1863 doctissimus
1184 1821 1218 1863 es
1238 1800 1329 1883 jure-

154 1927 216 1990 que
252 1904 352 1969 facies
384 1904 410 1968 si
444 1903 531 1968 volis.
582 1903 625 1966 Et
657 1901 745 1967 voles
778 1902 804 1967 si
838 1903 917 1987 quid
949 1903 992 1969 sit
1024 1903 1169 1968 amicitia
1203 1905 1327 1986 cogites

153 2011 360 2093 animumque
385 2030 462 2092 erga
488 2014 522 2073 te
545 2029 650 2072 meum
676 2009 763 2072 etin
787 2014 879 2073 tuum
903 2010 1134 2075 monasterium
1166 2009 1328 2075 sinceram

153 2112 356 2179 affectionem
384 2102 490 2178 meam
516 2113 709 2197 perpendas.
760 2113 791 2179 ls
825 2114 909 2178 euim
933 2113 1068 2180 affectus
1101 2120 1152 2180 est
1181 2115 1327 2181 omnium

61 2216 67 2224 '⁴
151 2221 294 2313 optimus
327 2226 360 2282 et
390 2219 616 2300 integerrimus
648 2226 882 2304 promptusque
915 2221 941 2284 si
975 2222 1052 2304 quid
1084 2221 1161 2286 mihi
1195 2227 1325 2304 gratum

154 2325 339 2389 commodas
363 2323 406 2388 ad
429 2325 649 2390 indesinenter
671 2326 991 2409 recompensandum.

242 2430 403 2495 Fortassis
418 2431 499 2513 ajes:
525 2430 667 2513 legatum
684 2437 742 2511 est,
767 2453 894 2496 sacrum
910 2437 967 2496 est.
992 2440 1226 2496 verumtamen
1244 2432 1325 2516 quid

154 2535 244 2600 tum?
275 2537 317 2600 Et
336 2536 507 2601 Hieremiae
527 2535 647 2600 librum
668 2536 787 2620 templo
810 2536 952 2601 dicatum
974 2537 1122 2602 consules
1139 2538 1235 2620 Regis
1258 2559 1325 2603 non

153 2641 270 2726 injuria
291 2664 330 2704 ex
351 2641 421 2723 ipso
446 2639 682 2725 Gazophylacio
705 2641 914 2726 desumpsere
934 2643 944 2679 ¹
969 2649 1002 2707 et
1025 2643 1060 2706 B.
1077 2642 1169 2707 Pauli
1187 2642 1199 2680 2
1223 2663 1325 2708 suasu

154 2746 253 2811 libros
278 2768 386 2810 secum
409 2745 678 2831 membranaeque
700 2748 887 2812 Timotheus
910 2748 1079 2830 congessit.
1119 2747 1324 2831 Tarquynius

153 2874 280 2936 quoque
298 2852 462 2935 Superbus
485 2852 646 2935 quondam
670 2875 729 2917 rex
751 2873 772 2916 a
793 2853 893 2917 Sacra
916 2853 1039 2938 Sibylla
1062 2853 1091 2917 S.
1109 2852 1239 2916 Fatales
1260 2853 1323 2918 Ro-

152 2979 320 3022 manorum
344 2957 444 3022 libros
468 2979 530 3022 aere
556 2958 682 3022 coemit.
724 2959 857 3042 Semper
873 2958 962 3023 aliud
985 2960 1016 3022 in
1034 2958 1190 3043 alio„ejus
1214 2979 1322 3023 causae

151 3063 401 3148 haudquaquam
426 3065 581 3148 injustum
605 3064 675 3130 fuit.
714 3065 842 3130 Etenim
866 3085 976 3129 amens
992 3063 1071 3127 mihi
1094 3063 1251 3147 principio
1277 3065 1321 3128 vi-

152 3170 240 3248 dear,
264 3170 307 3233 mi
324 3176 428 3251 pater,
452 3170 513 3232 nisi
530 3170 589 3234 hoc
609 3171 742 3254 sapiam.
782 3192 877 3254 quem
902 3191 1001 3253 penes
1026 3169 1246 3234 commissoria
1268 3175 1321 3235 est

76 3320 90 3332 2
150 3296 221 3338 eam
244 3275 334 3339 illum
358 3274 511 3339 abdicare
535 3275 710 3359 aliquando
734 3296 829 3358 posse
853 3297 926 3340 cum
948 3274 1040 3340 lubet
1056 3275 1231 3357 amicisque
1247 3279 1320 3356 gra-

149 3377 267 3444 tificari
294 3380 363 3443 Divi
389 3381 583 3445 Severuset
608 3381 787 3446 Antoninus
811 3381 1058 3464 rescripserunt.
1099 3379 1131 3444 Si
1155 3380 1227 3463 quis
1247 3400 1320 3444 vec·

149 3485 229 3567 tigal
256 3507 319 3574 non
348 3484 480 3550 solverit
506 3486 567 3551 hoc
590 3485 786 3551 eoncedente
816 3486 988 3569 publicano
1013 3491 1049 3550 ut
1072 3485 1177 3550 solent
1207 3483 1318 3550 facere

20 3596 24 3602 '
113 3604 115 3609 '
148 3592 256 3655 resin
281 3592 486 3656 commissum
509 3612 572 3655 non
596 3592 722 3657 cadere.
768 3591 877 3656 Verba
899 3592 972 3675 ipsa
995 3591 1073 3674 legis
1097 3597 1172 3654 sunt
1195 3590 1318 3655 ultimae

147 3697 188 3761 de
213 3697 398 3762 commissis.
445 3697 561 3781 quibus
586 3698 758 3763 edocemur
776 3697 843 3781 juri
868 3719 925 3762 nos
949 3696 1168 3761 commissorio
1200 3702 1317 3778 sponte

146 3809 259 3867 nostra
288 3804 478 3878 renunciare
504 3825 566 3868 uon
594 3787 768 3887 prohiberi.
808 3809 841 3867 et
864 3802 951 3885 apud
968 3801 1241 3866 consultissimum
1259 3799 1318 3865 Ju-

93 3984 96 3989 p
144 3908 265 3974 liauum
303 3909 422 3992 legitur·
458 3910 491 3974 id
526 3909 612 3993 quod
646 3915 720 3993 post
751 3909 933 3992 Imperator
966 3915 1122 3991 sequutus
1156 3906 1241 3970 datis
1273 3906 1318 3971 ad

144 4014 336 4079 Praefectum
369 4015 524 4078 Praetorio
555 4014 673 4080 litteris
704 4014 878 4078 insinuavit
909 4013 1025 4097 cuique
1049 4013 1147 4076 licere
1172 4011 1210 4074 iis
1229 4004 1317 4094 'quae

143 4141 202 4202 pro
219 4142 253 4184 se
269 4121 401 4184 inducta
426 4126 500 4184 sunt
516 4121 713 4184 renunciare.
752 4121 804 4185 lta
820 4126 855 4185 tu
873 4142 1000 4203 quoque
1017 4119 1048 4182 in
1066 4117 1317 4201 praesentiarum

142 4247 179 4289 eo
204 4247 336 4289 munere
367 4226 595 4290 cornrnissoriae
619 4225 748 4290 mulotae
773 4227 946 4290 decoratus
971 4224 1049 4307 quid
1074 4223 1219 4288 obstabit
1246 4245 1313 4306 quo

720 4370 735 4402 a

146 4533 148 4536 y
217 4467 226 4515 ι
250 4466 274 4513 a.
295 4444 385 4510 nunu.
408 4461 459 4511 uns.
533 4458 655 4527 21³2ou
678 4466 699 4510 u.
720 4460 787 4510 mm.
807 4464 832 4523 a,
856 4461 895 4510 ra.
