2798 4980
665 332 729 398 141

116 517 235 598 doctor,
252 524 345 584 tanta
360 520 424 585 mei
440 542 516 604 erga
532 528 623 587 tuam
639 523 858 606 dignationem
873 524 993 588 amoris
1009 521 1147 589 accessit
1161 522 1194 586 in
1211 521 1280 586 dies

115 624 346 704 accumulatio,
377 631 415 689 ut
442 648 505 691 non
535 627 631 692 modo
670 629 711 692 ad
744 628 1011 707 conservandam,
1040 650 1152 692 verum
1183 629 1281 691 etiam

113 729 292 812 augendam
318 732 454 796 nominis
484 733 533 796 tui
564 754 618 798 ac·
635 733 728 798 famae
771 735 916 812 laudem,
955 739 1111 818 quantum
1144 731 1280 796 favendo

114 835 312 900 consulendo
342 837 486 920 juvando
520 859 652 921 possum
685 860 780 903 nemo
804 839 859 923 qui
895 840 938 902 sit
967 858 1118 923 usquam.
1139 837 1282 919 gentium

113 960 212 1022 opera
236 941 431 1022 cogitatione
456 943 563 1006 studio
587 966 638 1008 me
662 944 792 1022 vicerit,
824 943 1010 1026 ubicunque
1042 944 1081 1007 de
1112 940 1282 1026 praestanti

111 1051 167 1109 tua
191 1052 225 1109 et
249 1047 377 1129 egregia
400 1046 557 1126 doctriua,
581 1048 621 1112 de
645 1049 765 1113 sanctis
792 1049 937 1113 moribus
961 1048 1025 1112 tuis
1059 1053 1093 1112 et
1121 1047 1280 1129 gravitate
1303 1118 1307 1128 ¹

112 1151 194 1228 vitae,
218 1150 513 1215 dehumanissima
537 1173 665 1237 quoque
690 1154 933 1218 conversatione
961 1161 1019 1217 tna
1044 1173 1149 1217 sermo
1173 1151 1280 1215 luerit.

114 1255 267 1320 Habuisti
292 1256 375 1321 enim
398 1278 461 1321 nou
486 1258 587 1322 solum
612 1259 823 1338 voluntatum,
847 1259 1092 1336 sententiarum,
1117 1258 1282 1321 actionum

114 1366 245 1426 tuarum
268 1383 353 1444 saepe
377 1384 427 1427 me
451 1364 584 1442 socium,
607 1385 718 1428 verum
742 1365 840 1428 etiam
856 1364 1007 1428 comitem
1028 1369 1061 1429 et
1077 1385 1204 1445 semper
1220 1363 1282 1427 vir-

111 1472 218 1531 tutum
251 1475 381 1531 tuarum
411 1488 601 1551 praeconem.
648 1452 781 1546 Qualem
811 1476 842 1533 te
873 1469 1013 1532 vicissim
1048 1490 1125 1551 erga
1158 1465 1282 1532 metui

113 1572 383 1652 amantissimum,
407 1575 579 1657 omniaque
602 1595 674 1638 mea
697 1595 755 1657 pro
779 1580 836 1638 tua
851 1573 1015 1657 probitate
1033 1579 1066 1639 et
1081 1574 1281 1638 humanitate

114 1677 270 1762 singulari
297 1678 397 1744 fuisse
420 1701 481 1744 non
507 1680 605 1745 modo
638 1680 767 1762 speravi
798 1700 909 1743 verum
942 1680 1040 1743 etiam
1064 1678 1160 1761 plane
1185 1677 1279 1742 sensi.

114 1782 212 1867 Cujus
237 1785 285 1848 rei
308 1792 341 1848 et
363 1786 506 1850 virorum
529 1793 562 1850 et
584 1786 741 1868 virginum
764 1783 886 1848 ordinis
909 1785 958 1847 tui
982 1782 1178 1848 monasteria
1202 1787 1278 1847 sunt

112 1894 223 1954 testes.
270 1890 350 1954 Cum
379 1891 478 1973 igitur
506 1891 689 1956 hortatione
719 1911 783 1954 non
813 1910 924 1972 egeas,
956 1895 993 1954 ut
1024 1889 1057 1952 in
1080 1911 1131 1953 me
1154 1886 1276 1952 tuendo

113 1994 367 2080 adornandoque
378 1997 514 2078 gratiam
529 1995 633 2060 ‘fidem
649 1997 857 2080 laboremque
882 1994 1047 2073 adhibeas,
1071 1999 1176 2058 restat
1191 2014 1276 2058 nunc

113 2098 146 2163 id
169 2099 284 2179 solum,
308 2107 344 2165 ut
367 2123 430 2186 qua
451 2102 485 2166 in
502 2124 537 2166 re
554 2110 612 2166 tua
636 2102 801 2184 operanti
823 2101 920 2166 velim
946 2101 991 2164 ad
1012 2100 1178 2183 dignitatis
1200 2119 1280 2163 meae

113 2225 176 2269 non
201 2206 273 2270 dico
297 2206 587 2289 amplificationem,
612 2208 670 2272 sed
686 2207 865 2272 custodiam
886 2213 1012 2271 tantum
1029 2211 1127 2289 atque
1144 2203 1281 2269 tutelam

115 2309 205 2375 brevi
228 2303 406 2376 ostendam.

202 2416 416 2503 Imperatoria
439 2421 593 2503 majestas
616 2440 699 2482 anno
731 2419 927 2501 preterito¹
962 2440 1021 2502 per
1052 2417 1164 2482 literas
1192 2436 1281 2480 man-

115 2520 217 2600 davit,
247 2528 286 2587 ut
319 2523 359 2587 de
389 2525 570 2589 cremandis
599 2524 785 2589 Judaeorum
820 2524 912 2588 libris
950 2522 1029 2607 quid
1062 2523 1216 2586 sentirem
1244 2521 1279 2585 in

115 2627 247 2692 modum
273 2628 397 2693 consilii
413 2629 578 2709 referrem,
602 2635 636 2694 et
652 2630 807 2712 scriptum
824 2629 1070 2712 archiepiscopo
1093 2626 1280 2710 Moguntino

115 2753 153 2796 ea
181 2734 213 2796 in
247 2755 368 2810 caussa,
384 2736 612 2814 cammissario,
637 2735 901 2812 transmitterem,
927 2734 1047 2798 Caesari
1069 2731 1279 2796 reddendum.

114 2837 273 2922 Intelligis
297 2862 336 2904 ex
359 2842 419 2906 hoc
442 2863 493 2906 me
517 2863 578 2907 non
595 2847 726 2919 temere,
751 2840 809 2905 sed
824 2837 1017 2903 necessitate
1042 2837 1174 2901 ductum
1188 2835 1280 2901 istud

115 2944 223 3008 oneris
254 2944 391 3010 subiisse
409 2947 430 3010 ².
475 2947 631 3029 Intelligis
656 2946 823 3010 consilium
851 2965 915 3008 non
938 2943 1036 3007 luisse
1065 2940 1279 3024 prodendum,

116 3049 173 3114 sed
200 3049 320 3114 Caesari
350 3050 490 3117 fideliter
520 3052 815 3116 transmittendum.
862 3048 946 3113 Audi
979 3047 1149 3130 reliquum.
1203 3045 1279 3110 Feci

115 3154 204 3238 quod
231 3156 333 3238 potui.
381 3157 460 3223 Cum
491 3158 576 3223 enim
608 3158 647 3223 de
681 3179 719 3222 eo
748 3157 879 3240 negocio
902 3154 1097 3236 Imperator,
1126 3151 1159 3215 in
1188 3152 1280 3236 cujus

113 3267 247 3344 pectore
278 3261 430 3327 dicuntur
460 3264 567 3327 omnia
598 3285 668 3328 esse
691 3264 768 3347 jura
798 3260 981 3338 recondita,
1011 3258 1080 3342 ipse
1104 3256 1280 3337 dubitaret,

114 3387 242 3451 cunque
266 3366 386 3431 nullam
410 3389 468 3452 ego
492 3368 604 3451 legem,
628 3368 752 3433 nullum
775 3388 938 3444 canonem,
962 3364 1086 3428 nullum
1102 3362 1277 3443 decretum,

114 3473 238 3537 nullam
261 3473 563 3539 determinationem
587 3474 778 3538 universalis
807 3473 949 3550 ecclesia
978 3470 1142 3548 vidissem,
1173 3491 1279 3554 neque
1381 3543 1390 3558 ³

114 3579 259 3643 viderem
292 3578 331 3643 de
361 3580 542 3668 cremandis
573 3578 759 3644 ludaeorum
791 3576 883 3642 libris
916 3575 1063 3660 specifice
1086 3575 1200 3654 latam,
1225 3595 1280 3639 eas
1367 3633 1369 3640 ,

114 3684 229 3749 ambas
260 3683 300 3749 ob
333 3705 447 3750 causas
473 3686 563 3769 juste
586 3685 664 3748 mihi
688 3685 791 3748 visum
817 3691 882 3762 est,
906 3683 1076 3747 materiam
1100 3681 1183 3744 hanc
1207 3699 1277 3743 esse

114 3790 147 3854 in
166 3791 243 3874 jure
267 3789 491 3869 dubitabilem,
515 3790 573 3855 ubi
598 3811 661 3853 non
685 3789 822 3854 scientia
845 3788 901 3853 sed
924 3787 1040 3871 opini0,
1064 3807 1127 3849 non
1152 3785 1281 3848 demon·

114 3895 231 3960 stratio
255 3895 313 3960 sed
334 3897 512 3979 persuasio,
535 3917 598 3960 non
621 3894 803 3979 philosophi
828 3892 886 3958 sed
908 3891 1050 3956 oratoris
1080 3909 1196 3953 munus
1227 3909 1278 3953 re-

115 4001 310 4086 quireretur.

204 4107 298 4172 Unde
326 4108 516 4192 propensior
543 4125 601 4190 ego
632 4107 665 4172 in
692 4112 820 4190 partem
848 4102 1066 4187 benigniorem
1096 4100 1209 4185 putavi
1238 4120 1278 4166 ea

115 4234 187 4300 quae
200 4235 260 4298 per
276 4213 458 4280 sanctiones
473 4233 536 4277 non
560 4217 636 4278 sunt
651 4213 692 4276 ad
709 4211 911 4277 exustionem
928 4210 1081 4273 damnata
1097 4205 1281 4273 conservari

693 4373 710 4412 a

186 4467 297 4522 lAnno
316 4463 458 4537 praeterito]
479 4466 511 4516 26
530 4463 588 4517 Juli
610 4465 676 4517 1510
696 4464 763 4519 oben
782 4479 837 4517 nro.
858 4461 938 4517 CXX.
1013 4466 1027 4513 2
1048 4462 1168 4516 aniisse
1192 4466 1214 4514 1.
