2798 4980
663 355 728 421 269

106 544 283 613 obliterata
304 545 338 610 in
368 544 474 610 lucem
496 543 629 609 rediret.
675 543 747 609 Hoc
771 562 865 628 egere
889 542 1005 608 summi
1035 541 1096 613 viri
1117 542 1277 610 certatim.

104 650 188 717 Nam
213 650 324 716 docuit
339 650 408 730 hic,
437 648 716 715 commentabatur
739 649 842 728 alter,
865 648 991 733 legerat
1013 647 1091 728 iste,
1120 648 1278 734 interpre-

104 762 197 822 tatus
220 760 272 821 est
294 755 351 820 illo
374 775 414 819 ac
437 753 564 838 linguas
579 753 678 818 vertit
700 754 734 818 in
756 753 892 838 linguas.
939 752 1103 819 Marsilius
1119 752 1279 820 Graeciam

104 862 202 928 duxit
234 861 269 926 in
300 854 447 941 Latium,
479 861 642 925 Romanos
674 859 707 923 in
738 857 896 924 Graeciam
928 857 1107 924 Politianus
1137 858 1277 925 reduxit

104 964 280 1033 Instabant
302 986 413 1031 omnes
437 965 543 1049 operi,
575 986 668 1031 nemo
697 985 761 1030 non
786 985 929 1031 summas
954 963 1134 1030 Medicibus
1161 963 1277 1031 laudes

104 1069 257 1138 afferens.
300 1070 369 1136 Hos
390 1071 425 1134 in
447 1069 584 1157 heroas„
598 1069 786 1136 beatissimo
802 1070 879 1150 Leo,
903 1076 980 1134 tuus
1003 1069 1121 1134 natalis
1143 1069 1276 1153 virgula,

104 1183 142 1242 ut
163 1178 272 1262 ajunt,
307 1176 414 1241 divina
444 1175 595 1240 foeliciter
617 1175 743 1255 cecidit,
773 1175 843 1240 Diis
875 1175 994 1259 gratia,
1029 1180 1118 1241 certe
1145 1181 1184 1241 ut
1213 1194 1278 1241 non

105 1285 251 1347 restaret
283 1280 385 1346 ullum
408 1281 615 1364 elegantioris
650 1281 805 1346 doctrinae
836 1301 950 1364 genus,
982 1280 1016 1345 in
1047 1301 1112 1366 quo
1148 1286 1185 1346 tu
1214 1300 1278 1346 non

106 1387 252 1453 evaseris
286 1386 439 1470 peritior,
477 1386 559 1451 adeo
598 1386 729 1471 quidem
766 1406 848 1469 puer
894 1385 1062 1470 amplexus
1093 1384 1288 1470 politissimi‘

107 1491 305 1559 suavitatem
327 1490 488 1557 Politioni.

197 1594 285 1675 Quid
307 1595 443 1661 multis?
474 1596 639 1662 Florentia
666 1597 723 1662 illo
752 1616 818 1661 aevo
848 1596 927 1661 nihil
960 1602 1032 1662 erat
1058 1595 1221 1676 floridius,
1243 1597 1278 1662 iu

106 1723 174 1788 qua
213 1707 466 1769 renascerentur
504 1702 699 1785 optimarum
738 1703 859 1767 artium
901 1722 973 1786 quae
1010 1706 1087 1766 ante
1132 1701 1279 1768 cecidere

107 1808 232 1888 emnia,
256 1807 336 1873 nihil
358 1807 516 1872 remansit
538 1807 696 1873 intactum
720 1807 760 1872 de
784 1806 902 1890 linguis
926 1812 960 1872 et
981 1805 1102 1886 literis,
1127 1827 1191 1891 quo
1215 1826 1279 1872 non

109 1917 342 1979 exercerentur
365 1910 557 1977 nobilissimi
573 1908 759 1978 Florentini.
806 1912 854 1976 Ea
876 1911 963 1975 lama
987 1933 1045 1995 ego
1062 1917 1130 1978 tum
1147 1911 1279 1997 quidem

109 2016 320 2084 vehementer
341 2017 501 2096 movebar,
526 2023 635 2097 tactus
660 2020 728 2104 ejus
744 2017 807 2082 loci
823 2016 1009 2100 cupiditate,
1034 2038 1072 2083 ao
1095 2037 1158 2082 non
1175 2015 1279 2082 solum

108 2121 418 2208 magnificentissimi
442 2128 475 2188 et
496 2123 616 2190 insueti
639 2124 731 2189 nobis
747 2122 915 2207 Hercyniis
939 2120 1066 2188 dificiiae
1086 2123 1180 2188 avita
1203 2126 1276 2202 tuae,

109 2249 208 2313 quam
232 2227 339 2313 Magni
370 2228 478 2294 Cosmi
510 2230 734 2309 nominarunt,
770 2250 881 2294 verum
919 2228 1018 2294 etiam
1053 2226 1197 2313 parentis
1228 2224 1280 2292 tui

110 2334 282 2418 desyderio
310 2335 450 2415 visendi,
479 2335 563 2400 unde
591 2340 703 2400 nostro
740 2334 858 2400 sacculo
888 2339 981 2399 tanta
1009 2333 1178 2400 commoda
1206 2351 1280 2417 pro·

110 2439 256 2507 diissent.

198 2545 302 2630 Igitur
323 2546 356 2611 in
379 2546 507 2611 ltaliam
529 2546 695 2631 profectus
718 2568 791 2612 cum
812 2546 933 2612 illustri
955 2545 1145 2612 Eberhardo
1169 2542 1275 2609 Probo

111 2650 293 2718 Suevorum
316 2657 427 2718 nostra
451 2657 547 2717 aetate
571 2652 674 2736 primo
699 2653 804 2730 Duce,
837 2651 932 2717 cuia
960 2650 1099 2716 Secretis
1131 2647 1278 2716 fiebam¹

110 2755 232 2823 intrari
255 2757 454 2822 Florentiam
477 2757 606 2822 circiter
637 2762 676 2821 12
699 2757 862 2821 Kalendas
885 2755 1013 2838 Apriles
1041 2757 1133 2820 Anno
1157 2753 1278 2819 Christi

112 2866 209 2927 1482.
263 2861 396 2946 Cunque
420 2863 577 2946 insignem
605 2862 738 2928 Medicae
763 2861 867 2945 gentis
904 2859 1108 2925 nobilitatem
1143 2859 1172 2923 ei
1203 2856 1278 2923 duci

109 2967 399 3047 commendassem,
431 2972 469 3032 ut
496 2989 556 3052 pro
579 2969 628 3033 rei
658 2968 796 3033 veritate
819 2965 965 3051 profecto
993 2964 1108 3045 debui,
1139 2962 1275 3048 optabat

109 3092 183 3137 cum
221 3093 260 3138 οο
291 3073 353 3139 sibi
383 3073 450 3137 viro
482 3073 678 3158 colloquium
716 3072 846 3137 habere.
906 3070 997 3150 Quod
1035 3069 1092 3135 ubi
1130 3065 1276 3134 animad-

109 3178 271 3258 vertisset,
293 3178 402 3243 nescio
426 3200 490 3263 quo
514 3179 694 3258 revelante,
717 3177 927 3256 Laurentius,
951 3175 1166 3260 apprehendit
1188 3193 1279 3259 pere-¹

109 3283 194 3367 grini
225 3283 393 3348 dexteram
424 3305 583 3368 perquam
613 3284 812 3364 humaniter,
850 3304 1025 3367 omnesque
1056 3304 1113 3348 nos
1149 3281 1280 3346 domum

110 3409 203 3454 suam
227 3387 321 3454 duxit
346 3389 476 3473 'singula
504 3391 575 3455 visu
607 3389 702 3474 digna
730 3389 921 3456 ostendens:
945 3390 1071 3469 Primo,
1103 3388 1280 3454 faberrime

110 3513 270 3580 equorum
286 3494 425 3574 stabula,
450 3494 566 3560 deinde
583 3496 868 3560 armamentarium
885 3496 971 3561 omni
986 3501 1147 3581 apparatu
1163 3493 1278 3559 bellico

109 3600 284 3679 refertum,
312 3606 387 3685 post
416 3600 495 3666 item
527 3601 667 3685 singulos
698 3600 859 3667 thalamos
892 3602 1133 3686 pretiosissimis
1165 3597 1279 3666 aulaeis

109 3712 244 3773 ornatos
276 3706 494 3791 pulchrosque
533 3713 661 3790 tapetas
699 3712 732 3771 et
772 3707 806 3771 in
835 3707 962 3773 excelso
1000 3707 1147 3772 culminis
1188 3710 1275 3771 tecto

109 3811 284 3879 arboribus
307 3813 467 3878 consitum
483 3833 606 3892 nemus,
628 3811 836 3897 hesperidum
852 3812 972 3891 hortos,
997 3835 1035 3877 ac
1058 3822 1157 3876 aurea
1180 3809 1275 3891 mala,

110 3907 202 4003 eujus
233 3917 464 3983 bibliothecam
492 3939 566 3983 cnm
597 3917 631 3982 in
664 3917 762 3982 coelos
794 3938 897 4002 usque
935 3918 1043 3983 verbis
1080 3916 1279 3997 extollerem,

109 4022 363 4106 perhumaniter,
386 4030 424 4089 ut
446 4023 573 4089 solebat
595 4023 644 4088 vir
667 4024 884 4102 suavissimus,
907 4022 1076 4107 respoudit
1103 4022 1278 4106 ,majorem

109 4128 173 4195 sihi
196 4128 386 4194 thesaurum
409 4129 441 4193 in
465 4127 576 4195 liberis
593 4150 663 4194 esse
680 4150 777 4213 quam
799 4129 832 4194 in
855 4127 979 4194 libris“.

199 4234 315 4313 Quaeso
347 4240 396 4315 te,
426 4235 514 4317 Papa
537 4234 755 4316 sanctissime,
779 4235 867 4301 sinas
896 4255 948 4301 me
976 4232 1067 4319 loqui
1089 4239 1198 4302 tecum
1220 4231 1279 4302 ali·

679 4384 696 4420 s

182 4478 192 4526 l
213 4470 278 4544 vgl.
297 4471 362 4528 iiber
381 4471 453 4525 diese
474 4472 540 4524 reise
561 4470 697 4536 Reuchlin‚
716 4489 736 4523 s.
757 4474 789 4521 24
810 4471 847 4540 sg.
