2798 4980
676 289 743 359 192

621 510 795 578 cmm

194 602 334 670 Btnttgart.
1038 604 1071 652 2²
1092 603 1155 670 hug.
1175 605 1230 655 1513.

122 707 292 785 hlutiano
314 704 429 801 Rufo,
456 703 619 804 Egregio
644 704 881 780 Decretorum
905 704 1074 806 Ductori,
1098 707 1184 783 Viro
1202 707 1253 782 elo

122 830 360 931 quentisaimo
382 844 418 902 et
441 829 562 903 amico
585 853 652 901 suo
680 827 922 925 amicissimo,
950 827 1091 906 Gothoe
1113 829 1149 907 S.
1171 831 1205 906 P.
1223 830 1254 904 ll.

210 995 313 1074 Quom
344 1002 442 1060 autea
470 994 550 1060 nihil
579 1001 685 1074 esset,
715 994 860 1060 Matiane
888 996 939 1061 vir
960 996 1174 1080 ornatissime,
1196 995 1256 1084 quod

120 1100 199 1165 mihi
222 1100 296 1184 plna
318 1100 351 1165 in
374 1106 504 1185 partem
523 1098 764 1184 jocundissima
786 1098 962 1184 voluptatis
978 1101 1257 1188 eveniasejndicati,

123 1225 221 1290 quam
245 1226 296 1271 me
319 1206 380 1272 aba
400 1213 444 1287 te,
467 1212 505 1271 ut
528 1227 602 1271 mea
624 1205 690 1271 fert
711 1204 830 1290 opinio,
852 1205 1063 1275 vehementer
1085 1209 1192 1290 amari,
1209 1213 1257 1274 tm

120 1310 182 1376 hoc
205 1317 350 1395 tempore
373 1311 551 1378 secundum
574 1311 717 1377 fatorum
738 1312 856 1377 seriem
878 1317 938 1378 tua
961 1312 1041 1379 mihi
1063 1313 1256 1381 amicitianou

120 1416 185 1480 erit
213 1418 312 1481 etiam
334 1418 446 1483 utilius
469 1418 653 1502 quicquam,
675 1415 709 1482 id
731 1417 885 1497 maxime,
909 1418 1040 1502 quando
1063 1439 1125 1504 pur
1146 1418 1257 1486 studim
1303 1394 1306 1453 ἶ

120 1521 221 1586 totius
248 1529 364 1588 vestrae
396 1522 581 1589 sodalitatis
610 1514 800 1588 literatorie
826 1523 859 1588 in
882 1543 952 1589 rem
973 1544 1081 1590 meam
1104 1523 1257 1602 accusem,
1304 1606 1306 1611 Ι

120 1626 207 1710 quod
235 1634 269 1692 et
302 1628 450 1712 Petrejus
480 1627 711 1712 Aperbacchna
739 1633 775 1694 et
802 1628 963 1695 Henricus
994 1629 1148 1697 Urbanus
1172 1632 1183 1671 ¹
1206 1648 1258 1695 cum

119 1732 185 1799 tuis
207 1733 312 1799 literis
333 1733 539 1817 pollicentur,
562 1734 595 1799 in
618 1731 738 1819 quibus
759 1753 843 1798 unns
865 1739 900 1800 et
921 1734 1009 1800 idem
1023 1735 1258 1802 communislleo

119 1839 245 1920 gratia,
279 1839 421 1904 omnium
455 1846 600 1905 vestrum
631 1844 768 1904 conatus
804 1839 989 1906 ostenditur
1023 1840 1178 1927 diligendi
1205 1837 1258 1906 mei

123 1943 217 2010 Unde
241 1944 434 2011 consolabor
456 1951 506 2010 tot
528 1944 675 2029 patronis
697 1943 831 2028 adjutus
852 1944 940 2030 quod
955 1945 1151 2014 animuum
1171 1946 1260 2022 hacto,

119 2051 291 2133 quantavis
313 2050 347 2115 in
369 2056 510 2130 senecta,
533 2050 659 2115 vincam
681 2048 837 2135 qualibet
857 2050 1003 2116 adversa
1050 2051 1098 2118 Ut
1119 2058 1169 2119 est
1182 2069 1261 2136 equus

119 2176 312 2239 generosus,
343 2157 405 2222 etsi
427 2156 470 2222 sit
491 2177 609 2235 senex,
631 2160 741 2221 tamen
762 2154 798 2220 in
820 2154 916 2221 malis
937 2155 1083 2223 animum
1105 2176 1197 2224 suum
1213 2175 1261 2221 uon

119 2259 240 2343 dejicit,
263 2260 351 2345 quod
374 2261 543 2327 Distichon
557 2260 690 2327 Orestes
712 2260 746 2325 in
762 2258 931 2344 Sophoclis
953 2261 1088 2329 Electra
1102 2257 1261 2349 loquimt

208 2365 258 2428 Tu
289 2387 374 2446 vero,
406 2373 562 2451 quantam
597 2365 774 2432 fenestram
805 2363 848 2431 ad
881 2364 964 2432 bene
988 2367 1185 2451 sperandum
1203 2362 1263 2432 mihi

123 2470 328 2554 patefeceris,
352 2473 485 2538 credere
508 2472 560 2536 vix
582 2491 700 2556 queas,
725 2492 799 2536 cum
821 2471 981 2556 promissa
999 2472 1175 2550 justissimi
1194 2470 1264 2539 Prin·

120 2577 201 2660 cipis
216 2624 219 2629 -
232 2578 371 2643 nostri⁸
398 2576 478 2663 (jam
507 2578 591 2644 enim
622 2577 722 2661 coepit
751 2576 829 2642 mihi
857 2583 965 2643 tecum
995 2577 1066 2644 fore
1095 2575 1263 2653 communis)

118 2687 290 2766 tantopere
312 2683 391 2748 mihi
426 2689 581 2767 exoptata
613 2683 772 2749 recitaris.
819 2683 955 2749 Fecerat
981 2681 1071 2749 idem
1096 2682 1264 2770 Spoletinus

117 2808 218 2868 meus,
247 2790 302 2873 qni
330 2788 480 2855 similiter
509 2789 673 2872 negotium
705 2787 807 2872 gessit
836 2788 880 2853 ad
901 2786 1135 2872 perficiendam
1158 2806 1264 2856 omnem

118 2893 318 2960 voluntatem
341 2914 457 2960 meam.
501 2894 574 2960 Non
597 2893 703 2959 deerit
725 2914 853 2978 quoqne
869 2893 945 2958 Dux
966 2914 1059 2961 meus
1073 2895 1104 2976 ⁴,
1120 2895 1171 2960 tui
1184 2891 1266 2960 Ducis

117 2998 340 3065 amicissimus.
386 2998 494 3078 Quare
518 2998 669 3082 deinceps
691 3019 757 3064 non
778 2997 848 3064 sola
863 2999 1011 3081 veritate,
1034 3020 1102 3085 qua
1124 2999 1266 3067 sumhac·

118 3111 213 3170 tenus
240 3105 401 3185 defensus,
432 3125 545 3170 verum
573 3086 652 3170 una'
668 3104 768 3170 etiam
790 3123 812 3169 a
833 3104 1067 3189 potentissimis
1089 3104 1267 3181 hominihus,

116 3211 172 3293 qui
203 3216 237 3275 et
259 3211 430 3277 veritatem
452 3214 565 3276 amant
587 3215 622 3275 et
644 3210 784 3277 oderunt
805 3209 998 3290 calumniae,
1020 3209 1135 3278 favore
1157 3209 1267 3286 tuebor,

116 3313 145 3380 si
168 3336 359 3402 quacunque
382 3316 522 3382 audacia
544 3314 749 3400 imperialem
770 3336 885 3400 pacem
907 3314 1067 3399 fregerint
1095 3312 1267 3382 adversarii

117 3419 272 3486 Omnibus
304 3422 390 3487 enim
426 3420 577 3507 partibus
611 3421 793 3506 Imperator
828 3441 943 3505 pacem
979 3420 1150 3489 mandavit
1179 3416 1269 3504 expri-

116 3524 233 3591 mendo
256 3527 387 3592 nomina
409 3525 581 3592 ductorum
603 3527 691 3608 belli,
714 3532 753 3592 ut
774 3526 808 3591 in
823 3525 885 3592 hac
899 3526 1015 3594 charta
1033 3524 1047 3566 ⁶
1069 3527 1180 3594 videre
1194 3526 1268 3604 licet,

187 3784 198 3828 1
221 3778 271 3829 Die
284 3777 367 3830 briefe
386 3778 432 3831 des
446 3777 564 3843 Petrejua
578 3779 632 3830 und
644 3775 749 3830 Urbana
761 3793 783 3830 s.
795 3793 819 3830 o.
832 3793 888 3830 nro.
901 3775 1008 3830 CLXVI
1020 3779 1075 3830 und
1084 3793 1142 3833 nro.
1155 3775 1270 3839 ctxvn,

113 3866 155 3920 ein
175 3866 376 3934 gleichzeitiger
394 3869 465 3921 brief
474 3870 590 3919 Matiana
609 3870 644 3919 iat
661 3867 736 3919 nicht
758 3866 886 3919 erhalten.
921 3851 995 3919 iiber
1012 3867 1056 3918 die
1074 3867 1192 3920 Erfurter
1207 3863 1271 3917 soda-

113 3955 175 4006 litas
195 3957 229 4006 ist
250 3955 403 4023 gleichfalls
427 3957 475 4007 auf
491 3955 680 4023 Kampschulte
703 3972 726 4007 a.
745 3971 768 4006 a.
789 3971 815 4006 ο,
832 3969 865 4005 su
883 3955 1035 4007 verweisen.
1110 3960 1126 4008 2
1148 3957 1177 4009 V.
1196 3956 1270 4019 itaq.

114 4037 190 4113 ὅσπερ
203 4039 251 4113 γὰρ
264 4041 339 4103 ἵππος
352 4040 449 4114 εὐγενὴς
461 4041 506 4096 κᾶν
518 4038 535 4113 ᾖ
547 4042 624 4114 γέρων
637 4040 660 4094 ἐν
673 4046 737 4095 τοῖσι
752 4041 837 4103 δεινοῖς
854 4040 930 4113 θυμὸν
943 4038 989 4093 οὐκ
1000 4038 1139 4096 ἀπώλεσεν.
1176 4047 1192 4095 8
1207 4043 1272 4093 Prin·

113 4129 191 4198 cipis]
210 4130 345 4183 Friedrich
365 4130 411 4183 der
430 4132 518 4195 weise,
536 4130 656 4184 kurflirst
673 4148 724 4183 rou
743 4130 869 4185 aechsen
942 4135 959 4182 4
979 4129 1050 4200 Dux]
1072 4130 1173 4200 herzog
1190 4127 1274 4183 Ulriclt

112 4218 379 4285 rothlrttemberg.
404 4220 433 4269 ln
454 4218 568 4271 welcher
583 4220 662 4271 weiss
675 4219 760 4272 dieser
778 4219 836 4273 sich
854 4220 898 4271 fiir
910 4219 967 4271 sein
983 4219 1113 4273 interesse
1125 4218 1276 4284 remanda,

113 4303 184 4370 neigt
207 4305 265 4357 sein
289 4305 361 4357 brief
380 4322 416 4357 an
442 4306 484 4357 die
502 4307 608 4358 Pariser
624 4307 704 4358 theol.
724 4307 833 4358 faoultitt
851 4323 912 4359 vom
934 4309 966 4357 14
981 4305 1047 4357 duni
1069 4310 1276 4364 restauror.

114 4375 220 4446 oilae
238 4391 310 4445 dieue
329 4392 403 4446 nicht
422 4395 555 4448 erhaltene
574 4394 693 4447 urkunde
711 4394 780 4449 oben
798 4403 856 4449 nro.'
876 4393 955 4449 CbX.
973 4408 996 4447 a.
1011 4395 1070 4450 187.
1088 4412 1115 4451 a.
1135 4401 1162 4452 2.
