2798 4980
668 316 730 382 142

114 503 239 583 decere,
267 504 412 570 imitatus
444 503 565 571 Christi
597 507 808 572 sententiam:
841 506 945 574 Nemo
977 514 1012 576 te
1046 510 1247 591 condemnavit,

113 632 173 675 neo
196 631 255 693 ego
286 610 517 676 condemnabo.
564 612 646 676 Nam
678 632 717 675 ea
746 611 787 676 de
817 612 935 696 quibus
964 621 1037 681 erat
1065 616 1152 682 nulla
1181 615 1246 681 dubi·

114 718 213 797 tatio,
245 716 284 781 de
308 716 424 800 quibus
447 717 576 799 publice
605 725 681 782 sunt
704 717 836 782 condita
854 719 939 802 jura,
968 719 1010 784 de
1034 721 1152 805 quibus
1172 740 1248 786 sacro-

114 829 234 886 sanctae
251 821 429 905 loquuntur
452 823 709 901 constitutiones,
734 843 804 906 quae
827 824 916 906 apud
940 844 1053 890 omnes
1078 825 1209 890 rabones
1226 829 1248 887 et

113 927 202 992 orbis
225 934 387 992 terrarum
415 925 494 992 fines
525 928 676 1011 gravibus
707 928 810 1010 poenis
839 929 976 994 inhibita
1008 936 1043 994 et
1075 931 1175 996 vetita
1197 923 1248 1012 pro·

113 1034 308 1116 mulgentur,
331 1031 557 1097 existimabam
580 1054 652 1097 esse
675 1032 806 1114 indigna
828 1034 969 1115 consilio,
993 1036 1073 1120 quia
1090 1039 1165 1100 nota
1178 1040 1248 1117 abur

113 1139 256 1220 vulgata.
294 1139 336 1201 Et
352 1144 460 1202 tamen
477 1136 681 1202 nihilominus
698 1158 736 1202 ea
752 1137 935 1203 detestatus
950 1160 1030 1219 sum,
1048 1147 1148 1226 utque
1159 1137 1249 1214 decuit,

114 1242 295 1326 reprobavi,
305 1242 418 1326 abjeci,
429 1241 647 1320 condemnavi,
663 1243 757 1308 sicuti
771 1253 847 1308 sunt
856 1242 930 1307 libri
940 1245 1157 1331 cujuscunque
1166 1242 1249 1328 gentis,

114 1349 332 1432 cujuscunque
346 1347 470 1428 linguae,
484 1348 516 1410 in
529 1346 646 1431 quibus
659 1347 864 1413 continentur
873 1348 1008 1433 iujuriae,
1020 1349 1213 1433 blasphemia
1226 1349 1249 1409 et

115 1453 149 1518 in
168 1452 410 1517 irreverentiam
428 1451 684 1516 Christianarum
704 1453 971 1519 constitutionum
991 1453 1076 1520 ficta
1095 1459 1263 1520 contranos

115 1557 255 1624 hareses
280 1556 429 1622 similiter
453 1564 485 1621 et
509 1555 691 1640 reprobata
718 1557 866 1623 lectionis
893 1565 1040 1625 monstra
1067 1565 1187 1625 natura
1210 1554 1250 1620 ini·

113 1665 207 1731 mica.
253 1662 371 1729 Curavi
394 1683 480 1744 ergo,
504 1661 594 1726 utin
622 1663 735 1745 primis
763 1662 963 1729 absolverem
993 1664 1186 1748 ejuscemodi
1206 1659 1252 1725 eri·

114 1771 247 1848 minosa,
271 1768 311 1833 de
336 1768 452 1852 quibus
475 1767 611 1849 primam
636 1767 667 1830 in
692 1768 864 1833 Consiliol
889 1789 960 1833 meo
984 1770 1074 1853 quod
1094 1769 1137 1834 ad
1151 1775 1252 1835 tenunc

118 1877 212 1941 mitto
246 1875 339 1958 posui
377 1880 490 1938 contra
520 1871 649 1937 Judaeos
679 1873 925 1939 conclusionem.
987 1874 1067 1952 Quae
1097 1876 1160 1940 duo
1185 1870 1252 1938 fucit:

118 1982 223 2065 primo
263 1980 345 2044 enirn
383 1977 512 2061 repellit
549 1977 671 2059 scripta
709 1978 740 2042 in
763 1979 1007 2044 irreverentiam
1037 1980 1100 2047 Dei
1133 1985 1166 2045 et
1190 1993 1254 2044 saue

118 2094 234 2164 torum,
258 2083 399 2149 secundo
424 2083 546 2165 scripta
568 2082 601 2145 in
624 2083 868 2148 irreverentiam
897 2085 1146 2151 christianarum
1167 2079 1257 2148 consti·

114 2193 276 2257 tutiouum
300 2210 357 2253 seu
379 2188 628 2266 ordinationum,
652 2188 769 2272 quibus
791 2197 904 2273 aperte
921 2190 1130 2255 condemnavi
1153 2187 1256 2255 ethbe-

115 2296 262 2380 phemias
300 2300 332 2358 et
367 2293 505 2357 hareses
538 2292 732 2357 Judaeorum.
788 2296 950 2360 Praeterea
982 2295 1038 2361 fol.
1072 2295 1147 2360 XIV
1182 2291 1256 2359 libros

120 2398 302 2484 reprobata
326 2398 473 2463 lectionis
496 2397 603 2481 rejeci.

206 2505 329 2582 Quibus
358 2502 600 2587 praesuppositis
624 2509 779 2588 tanquam
806 2505 985 2571 manifestis
1013 2505 1137 2571 diverti
1159 2503 1198 2569 ed
1213 2498 1257 2565 alit

116 2608 273 2675 librorum
298 2610 523 2675 hebraicorum
546 2627 675 2690 genera,
698 2608 885 2692 inquorum
903 2610 1027 2694 judicio
1051 2631 1116 2676 non
1133 2601 1256 2677 dubitavi,

117 2737 247 2799 semper
274 2715 332 2779 illa
362 2715 500 2799 reproba
532 2715 600 2798 jam
634 2720 816 2795 praenotata
847 2714 917 2780 iore
945 2715 988 2779 ab
1008 2715 1105 2797 ,omui
1127 2736 1196 2780 meo
1213 2727 1258 2776 ser·

115 2844 210 2888 mone
246 2827 395 2905 patenter
432 2827 576 2903 accepta.
628 2820 832 2901 Quapropter·
869 2841 941 2885 cum
981 2820 1143 2887 Thalmud
1176 2820 1256 2902 ipsum

116 2949 341 3012 prosequerer,
365 2926 516 2991 admonui
539 2925 653 3009 primo,
677 2923 870 3006 quibusdam
895 2926 963 3010 ejus
984 2926 1016 2990 in
1033 2925 1115 2992 locis
1131 2913 1258 2990 contineri

119 3054 213 3118 posse
241 3033 459 3117 blasphemias
489 3038 523 3095 et
554 3031 712 3108 hareses,
746 3029 885 3094 secundo
919 3032 1081 3097 vanitates
1105 3037 1138 3096 et
1160 3039 1258 3095 errore

117 3138 207 3203 Folio
235 3138 281 3202 Ill
311 3137 366 3202 F²
404 3144 438 3202 et
467 3135 561 3201 infra,
582 3134 668 3219 quod
704 3140 737 3199 et
769 3137 877 3199 notavi
906 3135 983 3200 folio
1012 3138 1042 3202 X
1072 3136 1155 3201 faeie
1176 3131 1256 3218 prima

120 3243 207 3308 circa
229 3243 378 3321 medium,
403 3241 458 3307 ubi
481 3247 594 3324 aperte
617 3247 757 3305 mentem
787 3261 892 3304 meam
915 3263 1014 3324 super
1041 3239 1200 3307 Thalmud
1222 3252 1258 3299 ex·

120 3349 240 3431 pressis
264 3347 401 3413 verbis³
432 3347 593 3412 declaravi
616 3346 743 3421 dicens,
780 3344 868 3429 quod
890 3347 989 3411 nolim
1014 3368 1089 3412 eum
1111 3346 1259 3413 remittere,

124 3451 181 3517 ubi
204 3458 254 3516 est
276 3452 591 3535 reprobandus,.sed
613 3458 722 3516 tamen
746 3451 934 3530 ostendere,
957 3452 1045 3536 quod
1067 3473 1132 3518 non
1154 3450 1259 3534 propter

123 3557 284 3622 vanitates
309 3564 341 3621 et
365 3557 521 3622 stultitias
547 3557 589 3620 sit
612 3554 858 3622 comburendus.

207 3662 259 3727 Ad
281 3661 448 3746 negocium
464 3662 562 3744 igitur
579 3660 657 3725 mihi
672 3661 875 3743 propositum
889 3659 998 3725 multis
1015 3666 1180 3727 oratorum
1193 3668 1259 3723 nort

119 3791 197 3837 usus
226 3790 295 3835 sum
330 3768 542 3852 argumentis,
571 3788 636 3831 non
659 3765 920 3831 demonstrativis
949 3786 1054 3850 neque
1086 3754 1259 3832 necessariis

685 3946 701 3982 ἦ

191 4089 204 4136 l
225 4085 401 4155 Rathschlug,
420 4103 441 4139 s.
462 4103 485 4138 ο.
507 4083 595 4137 toa.
618 4084 684 4137 1510
704 4097 760 4136 nro.
781 4081 887 4136 CXXIL
961 4086 975 4134 2
996 4080 1034 4136 111
1054 4078 1094 4151 R]
1126 4081 1164 4133 Im
1186 4081 1260 4141 ausen·

118 4171 220 4238 spiegel
247 4175 306 4225 siud
328 4193 370 4226 am
394 4176 475 4226 rande
494 4192 540 4226 aur
558 4175 702 4226 leiehtereu
721 4175 883 4240 orientiruug
914 4173 1034 4223 einzelue
1059 4167 1214 4224 buohstaben
1229 4171 1261 4226 ὅθ’

118 4266 192 4311 cetat.
265 4265 280 4312 3
299 4263 441 4329 Expressis
454 4264 552 4332 verbis]
583 4263 645 4326 „Nit
658 4262 704 4312 red
722 4262 766 4313 ich
785 4278 813 4312 es
827 4259 945 4322 darumb,
965 4259 1012 4310 das
1031 4259 1073 4310 ich
1094 4259 1143 4310 den
1154 4242 1260 4306 thalmud

118 4346 196 4398 wblle
215 4355 273 4413 gutt
290 4351 403 4402 machon
422 4369 474 4404 anu
493 4353 543 4402 den
562 4353 657 4415 auden,
683 4351 718 4402 da
741 4367 768 4401 er
787 4365 820 4400 au
838 4349 991 4400 verwerffen
1010 4349 1053 4412 ist,
1073 4345 1184 4398 uuunder
1200 4332 1261 4392 alen

117 4451 150 4488 uu
169 4435 308 4503 berciaco,
327 4437 373 4489 das
393 4457 420 4491 er
438 4442 477 4492 nit
496 4440 698 4493 nuvcrbreunen
718 4440 781 4493 oder
794 4437 989 4490 auverdilcken
1011 4439 1075 4488 sei.“
