2798 4980
728 360 773 424 48

166 562 224 639 gut
247 559 347 631 wiire,
376 575 465 619 wenn
490 551 585 635 jeder
608 550 692 615 liirst
714 551 761 614 sie
784 548 911 613 kennte.
958 546 1132 612 Politisehe
1169 547 1331 612 nachrioh·

166 669 222 725 ten
254 659 338 725 babe
369 681 405 724 er
433 656 523 722 nicht
557 654 751 739 mitgetheilt
784 657 804 729 ¹,
843 651 913 717 weil
943 651 1131 717 zwietracht
1159 652 1228 718 und
1256 652 1334 718 stola

167 765 228 831 der
256 765 382 830 fiirsteu
411 762 526 827 keinen
550 758 770 844 gedeihlichen
802 758 906 840 ersolg
927 756 1065 840 mdglich
1093 757 1248 823 machten
1271 756 1337 822 und

167 870 227 935 das
256 868 388 952 gemiith
418 868 507 932 eines
535 865 634 950 jeden
656 862 998 929 t'aterlandsfrenndes
1026 863 1086 928 mit
1113 860 1264 929 selrmerz
1291 885 1339 928 er·

166 974 291 1040 fiillteu.
337 974 404 1037 Der
426 971 544 1055 herzog
566 969 736 1036 Eberhard
759 968 865 1034 werde
887 968 953 1032 ihm
977 990 1038 1034 von
1064 968 1261 1053 ,galliseher
1285 970 1339 1034 be·

167 1077 387 1145 redsamlreit“
407 1076 558 1142 schiolren
575 1077 597 1139 ¹.

256 1186 420 1245 Gedruelm
448 1180 802 1253 1=C.s.e.oa··b;
827 1185 951 1242 2:21.
974 1185 1135 1257 r.e.d2;
1161 1184 1337 1244 δείλη.

168 1285 453 1364 e.11f01.21bfg.;
479 1288 990 1362 a=i1r11era.a.o.s.ssofg.

712 1523 793 1588 LIV.

241 1648 327 1699 Baeel.
1049 1649 1066 1703 1,
1081 1642 1204 1695 Oktober
1229 1647 1308 1726 1495.Ι

285 1784 521 1859 Sebastianus
540 1783 656 1855 Braut
673 1781 813 1855 Joanui
831 1779 1014 1854 Reuchliu
1032 1779 1213 1856 Salutem.

259 1979 386 2044 Literas
410 1985 484 2042 tuas
508 1976 530 2054 ⁸,
554 1976 756 2060 optatissime
780 1975 895 2055 frater,
918 1975 997 2039 mibi
1018 1975 1051 2039 in
1074 1975 1189 2059 primis
1211 1995 1339 2052 suaves,
1378 1952 1386 1965 .

170 2107 209 2149 eo
228 2082 401 2167 jocundius
426 2082 533 2165 recepi
556 2081 773 2165 hilarioreque
796 2081 887 2147 vultu
909 2080 1047 2165 perlegi,
1076 2100 1141 2165 qno
1165 2081 1275 2147 serius
1296 2079 1338 2143 ad

170 2209 222 2254 me
245 2187 376 2253 tandem
398 2185 545 2272 (tametsi
572 2209 636 2252 non
658 2187 781 2270 absque
804 2185 935 2251 fastidio
963 2185 1121 2252 haetenus
1150 2187 1338 2269 expectato)

171 2292 322 2378 prodiere
344 2299 443 2376 atque
475 2293 600 2357 utimm
631 2314 683 2358 me
714 2293 863 2357 idoneum
898 2291 1014 2356 saltem
1044 2290 1267 2371 existimares,
1297 2290 1339 2356 ad

171 2420 267 2484 quem
292 2398 438 2464 erebrius
460 2397 644 2463 humanitas
667 2405 725 2463 tua
748 2398 891 2463 scribere
906 2418 971 2463 uon
986 2396 1225 2480 dedignaretur.
1264 2397 1340 2463 Pes·

171 2525 224 2570 ses
248 2503 368 2568 etenim
390 2501 453 2588 (ita
482 2525 542 2587 per·
569 2512 697 2568 ecastor
727 2503 866 2585 credas),
897 2505 941 2567 mi
971 2503 1082 2583 frater,
1109 2502 1189 2567 milri
1212 2504 1339 2585 gratnis

172 2609 280 2674 iacere
293 2609 381 2673 nihil.
404 2609 467 2675 Sed
479 2609 659 2692 jaududum
676 2610 752 2689 scio,
768 2609 914 2675 forenses
930 2608 988 2673 tibi
1004 2607 1258 2692 pertractandas
1269 2628 1340 2673 esee

172 2736 288 2780 causas
303 2714 532 2794 creberrimas,
564 2736 666 2799 neque
690 2737 819 2779 rursum
839 2735 889 2779 me
904 2715 1003 2792 latet,
1033 2734 1131 2798 quom
1151 2712 1340 2798 frequentia

171 2821 230 2885 tibi
255 2820 321 2885 siut
343 2819 512 2885 subeunda
535 2820 715 2885 castrensia
739 2821 881 2903 negocia,
904 2819 939 2884 id
961 2818 1048 2902 quod
1078 2840 1183 2904 nuper·
1211 2818 1245 2882 in
1278 2817 1345 2886 Ab.

172 2927 259 2991 batis
272 2926 375 2990 nostri
385 2925 645 3008 Spanheimensis
655 2925 832 3008 Catalogo⁴
842 2926 967 3009 absque
979 2924 1135 3009 suspiriis,
1147 2924 1340 2989 communis·

173 3054 236 3115 que
269 3031 384 3115 patriae
415 3038 534 3095 nostrae
558 3032 772 3115 querimonia,
807 3031 974 3114 praeterire
1007 3051 1069 3094 non
1102 3030 1203 3112 potui.
1259 3028 1339 3094 Cum

173 3137 355 3219 praesertim
371 3148 407 3201 tu
423 3136 511 3200 solus
527 3141 561 3200 et
577 3157 658 3200 unus
675 3137 805 3215 existas
828 3137 884 3220 qni
900 3135 1107 3200 Germaniam
1122 3141 1270 3200 nostram
1295 3137 1341 3199 iu·

174 3242 267 3323 genio
298 3247 355 3306 tuo
385 3241 615 3321 illuminatam,
649 3242 777 3324 scriptis
800 3242 866 3306 tuis
889 3239 1175 3306 desideratissimis
1194 3240 1340 3306 illustra-

174 3354 242 3410 tam
266 3345 509 3412 celeberrimam
534 3368 662 3431 quoque
685 3346 823 3411 reddere
853 3367 979 3429 posses,
1009 3344 1065 3410 sed
1089 3352 1204 3411 tuate
1237 3346 1340 3411 uirtus

751 3527 767 3559 t

248 3633 259 3677 1
281 3626 343 3694 vgl.
361 3625 429 3679 oben
448 3627 679 3679 nro.LundL11.
736 3633 751 3678 ἵ
772 3628 838 3678 Bald
856 3629 923 3679 nach
943 3627 1041 3678 diesem
1061 3627 1144 3678 hriese
1162 3628 1198 3678 ist
1210 3628 1341 3679 Reuebliu

174 3712 258 3766 aelbat
275 3715 343 3766 nach
359 3716 462 3766 Worma
479 3715 643 3782 gekommeu,
663 3715 717 3781 rgl.
731 3715 860 3765 Rencblin
879 3731 901 3766 s.
915 3717 949 3766 89
968 3715 1021 3766 und
1044 3725 1124 3766 namn
1142 3731 1200 3766 nro.
1222 3715 1279 3780 LV,
1297 3717 1342 3766 hat

172 3804 236 3856 aber
255 3805 331 3855 wolf
345 3805 420 3854 nieht
437 3803 511 3854 mehr
528 3805 659 3869 geseheu,
678 3804 733 3869 egl.
758 3820 814 3854 nro.
835 3803 928 3854 Lvnr.
1001 3807 1017 3853 3
1037 3805 1091 3855 Der
1111 3803 1192 3866 brief,
1215 3804 1340 3871 arrgleiob

173 3893 225 3944 wol
243 3894 302 3944 eine
318 3902 430 3943 antwort
447 3892 496 3942 aul
510 3893 578 3942 oben
597 3909 654 3942 nro.
673 3892 767 3953 xett',
785 3893 821 3941 iat
839 3892 914 3941 nicht
931 3892 1060 3942 erbalten.
1112 3899 1128 3942 4
1148 3892 1218 3943 aab.
1230 3893 1340 3960 Spania]

174 3981 238 4032 Joh.
256 3981 417 4032 'l'ritbemina
437 3980 491 4045 egl.
511 3980 578 4030 oben
602 3996 623 4029 s.
644 3985 676 4028 4‘2
697 3995 765 4028 anm.
790 3985 812 4040 13
841 3982 923 4030 Bront
947 3980 1032 4031 lernte
1056 3980 1106 4030 wel
1130 3979 1179 4030 das
1203 3981 1277 4030 ποτὶ
1302 3981 1341 4031 ala

174 4068 312 4119 eorrelrtor
323 4069 369 4119 der
381 4067 622 4119 amerbachiseben
636 4067 772 4118 drackerei
790 4084 876 4133 genae
895 4068 1008 4118 kennen.
1037 4068 1088 4118 Die
1103 4074 1184 4119 worte
1196 4069 1342 4119 'hithe-ima

174 4155 241 4205 iiber
253 4156 389 4219 Reuehlin,
402 4159 450 4207 anf
458 4156 500 4206 die
512 4159 593 4206 Brant
605 4157 727 4223 auspicia,
740 4157 842 4206 lacteo:
863 4158 968 4223 Dignus
980 4157 1098 4224 profecto
1110 4155 1158 4221 qni
1169 4155 1236 4206 solia
1249 4156 1343 4218 literis,

175 4257 229 4294 non
247 4245 326 4293 etiam
344 4246 517 4311 perstrepenti
536 4245 656 4311 populari
676 4245 756 4294 curia
776 4244 951 4307 incumberet;
978 4244 1082 4295 nullum
1100 4243 1170 4294 enim
1191 4243 1271 4294 nobis
1290 4258 1342 4294 noa

176 4329 255 4380 modo
272 4330 362 4393 Italia,
386 4332 433 4381 sed
455 4349 504 4382 nec
528 4333 653 4382 eaeeulum
673 4332 778 4398 quidem
798 4343 915 4382 nostrum
936 4334 999 4382 baie
1021 4340 1094 4383 tanto
1112 4333 1168 4382 viro
1186 4346 1279 4398 parem
1298 4332 1342 4383 ob·

174 4419 276 4481 jicerct.
