2798 4980
674 322 716 390 97

111 513 387 595 amantissimum,
416 513 480 580 nisi
507 512 581 598 plus
609 534 649 578 ex
682 535 721 579 eo
744 515 853 580 Romae
881 512 1055 580 latinitatis
1079 535 1176 600 quam
1206 535 1285 601 grae·

111 621 221 686 citatis
252 620 451 700 hausissem,
489 620 536 684 ita
567 619 754 685 hebraicam
792 640 851 703 ego
893 640 1021 703 quoque
1060 640 1099 685 ac
1137 626 1283 695 sanctam

112 725 256 812 linguam
278 747 342 792 non
367 725 608 808 Hierosolymis,
631 731 737 817 neque
760 726 793 789 in
817 724 955 809 publicis
978 725 1166 791 Judaeorum
1190 747 1283 811 syna·

112 833 212 916 gegis,
235 831 293 898 sed
317 852 338 896 a
359 831 590 898 literatissimis
606 830 753 897 Hebraeis
776 853 859 914 pena
881 830 995 896 oecios,
1012 831 1142 914 quidem
1159 832 1284 900 Jacobo

113 937 221 1004 Jahiel
243 935 360 1017 Loans,
390 936 541 1003 inlatio
574 944 684 1002 autem
713 936 819 1002 Abdia
846 935 998 1002 Casinate
1030 941 1130 1022 atque
1158 937 1240 1005 alias
1263 958 1284 1005 a

114 1042 250 1126 singulis
274 1041 402 1126 singula
424 1043 610 1126 expiscatus
632 1063 714 1108 sum.

204 1147 249 1226 At
271 1147 401 1231 grauius
429 1148 606 1233 insurgent,
636 1149 743 1228 eredo,
773 1147 873 1213 invidi
902 1154 1018 1213 contra
1048 1149 1283 1215 Dictionarium

114 1259 263 1319 nostrum
277 1255 312 1318 in
328 1275 392 1338 quo
407 1253 585 1320 multorum
606 1254 795 1338 frequenter
816 1253 1105 1337 interpretationes
1128 1260 1284 1320 taxantur
1308 1267 1310 1270 ‘

115 1358 221 1438 „Proh
245 1358 352 1424 scelus
375 1359 617 1438 exclamabunt,
647 1359 728 1424 nihil
756 1358 918 1442 indignius
953 1365 1083 1443 patrum
1118 1360 1283 1439 memoria,

115 1463 195 1529 nibil
219 1464 396 1530 admissum
420 1463 690 1545 crudelius-cum
713 1465 768 1529 ille
797 1464 892 1530 homo
916 1465 1150 1531 audacissimus
1178 1471 1228 1530 tot
1251 1472 1285 1531 et

116 1577 184 1635 tam
208 1576 340 1636 sanctos
362 1570 449 1636 viros
473 1569 579 1636 divino
604 1570 722 1654 spiritu
737 1568 862 1634 afflatos
878 1569 1078 1635 labefactare
1097 1571 1281 1636 contendat.

116 1675 307 1760 Hieronymi
331 1674 511 1741 beatissimi
543 1676 717 1760 scriptura,
752 1675 881 1740 Gelasio
905 1676 995 1758 Papa
1023 1681 1117 1754 teste,
1151 1681 1285 1758 recepta

117 1787 169 1848 ost
190 1782 224 1847 in
248 1780 397 1861 ecclesia,
420 1781 617 1848 venerabilis
640 1787 736 1864 pater
751 1780 904 1846 Nicolaus
928 1780 968 1845 de
993 1780 1079 1864 Lyra
1102 1781 1284 1845 ordinarius

94 1887 285 1972 expositor
309 1887 423 1954 Bibliae
454 1885 623 1968 „omuibus
647 1885 768 1952 Christi
798 1883 948 1951 fidelibus
980 1885 1029 1949 vir
1058 1885 1284 1968 integerrimus

118 1991 287 2076 probatur.
332 1993 473 2077 Jamjam
489 1998 621 2059 exortus
637 1998 687 2058 est
709 1991 827 2076 aliquis
850 1989 991 2057 tumulus
1004 1993 1026 2070 ¹,
1049 1992 1106 2075 qui
1129 1990 1290 2074 plurimus.

117 2097 150 2162 in
173 2097 255 2163 loois
277 2096 351 2163 illos
373 2098 522 2183 imperite
546 2095 752 2163 transtulisse
784 2100 905 2163 notat“.
952 2096 1095 2174 Quorum
1117 2096 1285 2161 imminen-

119 2202 209 2269 tibus
242 2201 438 2268 olamoribus
472 2203 552 2268 haec
580 2225 685 2287 pauca
720 2203 921 2287 respondeo:
954 2203 1032 2267 mihi
1064 2202 1162 2268 licere
1191 2200 1285 2292 xquod

116 2308 240 2373 eisdem
263 2307 489 2374 illustrissimis
511 2307 686 2374 luminibus
702 2308 802 2374 licuit.
840 2308 1058 2392 Hieronymus
1081 2308 1130 2372 vir
1152 2312 1284 2372 sanctus

116 2413 212 2480 LXX.
236 2415 343 2497 carpit
365 2413 572 2498 interpretes,
597 2435 659 2480 non
683 2414 791 2494 semel,
815 2413 874 2493 bis,
898 2418 998 2492 terve,
1023 2414 1082 2480 sed
1106 2413 1283 2497 saepissime

116 2540 261 2585 numero.
299 2519 399 2584 'Nunc
434 2519 508 2585 illos
546 2541 675 2586 errasse
708 2520 788 2585 dicit
824 2519 934 2585 errore
966 2520 1155 2603 conspicuo,
1191 2538 1284 2597 nuuc,
1313 2495 1320 2515 ⁴

115 2625 263 2709 inceptos
287 2625 480 2708 ignorantia,
504 2632 574 2691 tum
599 2626 785 2692 discordare
809 2647 829 2690 a
852 2627 991 2691 veritate
1015 2623 1179 2703 hebraica,
1205 2630 1283 2702 tum,

116 2730 255 2797 falsatos
279 2730 489 2796 similitudine
519 2730 705 2810 literarum,
737 2737 806 2797 tum
835 2731 982 2796 consulto
1012 2730 1121 2813 aliqua
1150 2729 1285 2793 caelasse

94 2842 175 2917 ,aut
197 2835 360 2916 omisisse,
390 2857 430 2901 ne
447 2857 556 2902 vsacra
579 2837 760 2920 panderent
783 2835 949 2919 mysteria,
974 2855 1054 2917 quos
1077 2841 1186 2897 tamen
1211 2833 1285 2896 Pto-

116 2941 250 3006 lomaeus
286 2940 488 3006 Alexandriae
505 2963 569 3007 ,res
600 2929 709 3007 divina
741 2940 879 3006 credidit
914 2940 1032 3004 virtute
1069 2937 1284 3013 transtulisse,

117 3052 151 3112 et
185 3051 223 3112 ut
257 3047 406 3112 Justinns
440 3046 652 3131 philosophus
685 3053 783 3131 atque
821 3046 936 3110 martir
976 3044 1009 3108 in
1044 3064 1103 3108 suo
1142 3042 1182 3106 de
1220 3041 1284 3106 illis

116 3152 324 3237 paraenetioo·
348 3152 462 3218 scribit
494 3159 532 3238 ὡς
564 3152 707 3242 tropitae
733 3143 840 3241 ἄνδρας
868 3142 984 3240 διέγνω.
1029 3147 1183 3231 Nicolaus
1206 3147 1285 3212 item

117 3257 157 3323 de
190 3258 277 3340 Lyra
315 3257 424 3323 divum
460 3258 692 3342 Hieronymum
725 3257 758 3322 in
794 3253 1026 3321 translatione*
1048 3276 1107 3320 sua
1142 3253 1286 3319 ostendit

116 3361 419 3448 reprehensibilem
458 3383 530 3427 oum
561 3362 642 3427 alias
671 3362 781 3427 multis
804 3362 836 3425 in
867 3361 962 3441 locis,
997 3366 1066 3425 tum
1096 3361 1128 3425 in
1160 3359 1285 3444 psalmo

117 3467 296 3534 secundum
334 3467 476 3532 ecclesiae
519 3473 638 3532 nostrae
681 3467 942 3550 supputationem
980 3465 1187 3546 xxxxiiii,
1231 3465 1286 3549 qui

116 3573 249 3658 incipit:
284 3573 419 3655 Magnus
454 3572 623 3652 Dominus,
658 3571 713 3637 ubi
749 3573 817 3656 ejus
849 3572 882 3635 in
918 3570 982 3636 fine
1017 3572 1062 3636 sic
1099 3572 1159 3637 ait:
1190 3571 1285 3650 „Hie-

116 3699 270 3763 ronymus
299 3683 410 3743 tamen
439 3676 544 3743 minus
571 3677 653 3742 bene
684 3676 811 3742 videtur
839 3677 947 3743 dicere
975 3677 1050 3760 quia
1075 3677 1108 3740 in
1135 3674 1284 3740 omnibus

117 3783 227 3849 bibliis
251 3781 422 3862 hebraicis,
439 3804 519 3868 quas
543 3782 617 3861 vidi,
637 3781 787 3846 almuth2
813 3782 864 3847 hic
887 3789 937 3847 est
957 3803 1022 3847 una
1043 3781 1142 3846 dictio
1167 3785 1200 3844 et
1220 3800 1285 3842 non

117 3888 220 3955 duae.“
267 3888 348 3954 Vide
364 3887 524 3972 quomodo
540 3893 675 3953 accusat
690 3887 912 3952 beatissimum
930 3888 1032 3951 virum
1049 3884 1168 3949 erroris
1185 3891 1284 3966 atque

116 3994 331 4078 negligentiae.
377 3993 518 4077 lpsemet
546 4014 622 4058 varo
655 3993 826 4070 Nicolaus,
851 3998 888 4057 ut
916 3990 1073 4074 aequalem
1098 4009 1284 4053 mensuram

116 4106 297 4184 pateretur,
322 4098 426 4164 simile
448 4119 469 4164 a
493 4097 670 4164 reverando
695 4097 852 4180 Burgensi
875 4096 1036 4179 Episcopo
1059 4092 1286 4177 frequentibus

695 4252 712 4290 ’l‘

189 4348 201 4395 1
222 4338 391 4409 Anspielung
407 4341 456 4392 aui
472 4340 522 4393 den
540 4355 634 4392 namon
653 4341 792 4392 Reuchlin.
868 4342 882 4388 2
902 4338 1024 4388 Gemeint
1042 4336 1077 4386 ist
1099 4335 1169 4386 wohl
1185 4328 1284 4420 noiant}

118 4433 184 4483 unuh
204 4447 315 4483 unsaros
334 4429 452 4497 abhlung
469 4431 513 4482 Ps.
534 4431 566 4480 46
586 4443 609 4479 v.
634 4433 656 4479 1.

145 4548 285 4595 Baueblin
1058 4518 1075 4575 Ἰ
