2798 4980
672 318 740 392 300

279 524 364 607 Ergo
387 544 446 605 age
470 527 503 587 et
525 513 663 587 hebreis
685 517 870 603 sanctisque
894 512 1046 582 iuc‘umbe
1068 512 1244 600 liguris

324 628 452 713 Optime
468 614 597 705 celleri,
620 646 685 712 quo
709 626 828 690 doceas
850 621 942 687 alius.
1286 628 1294 719 j

129 765 133 770 ·
209 735 259 801 Ex
274 734 421 800 Thermis
445 728 615 816 Hercyniis
636 730 734 799 Cellae
758 730 961 796 Baceuarum
984 728 1015 795 X
1043 726 1166 793 kalend.
1187 726 1247 814 quiu-
1291 730 1294 815 l

119 841 230 907 titium
253 839 368 906 salutis
391 859 475 904 auno
500 838 689 905 MDJIVIII.

115 943 127 981 ³
208 966 611 1041 Gedruckt:=1sagogicou
635 964 671 1043 (s.
697 964 771 1024 oben
798 938 1166 1052 nr0.·ccur111.)aoa
1227 1025 1244 1046 s
1292 978 1294 1025 ς

637 1182 772 1250 CCLXI.

190 1271 256 1324 zur.
293 1302 299 1320 .-
1036 1272 1071 1320 22
1087 1267 1151 1318 uuor
1170 1265 1225 1318 rore.

192 1360 361 1435 blotiano
387 1359 484 1435 Rufo
512 1359 763 1436 amicissimo1¹
788 1357 862 1463 [Ιο.
892 1354 1091 1458 Reuchlin]
1117 1381 1144 1431 s.
1172 1354 1199 1428 d.

114 1559 126 1595 ,Ι
203 1507 323 1586 Quidni
347 1508 451 1574 Rufe?
481 1509 530 1573 Tu
555 1530 604 1573 me
621 1507 752 1593 putabis
775 1505 915 1572 cruciari
938 1504 1021 1572 sdeo
1046 1502 1247 1571 cucullatorum

114 1612 286 1701 morsibus,
307 1620 344 1679 ut
359 1613 435 1679 mihi
451 1635 514 1679 noc
530 1614 677 1679 duxerim
699 1611 930 1695 indulgendum
946 1611 1052 1699 genio.
1084 1609 1177 1675 (lette
1190 1603 1250 1672 Chri·

116 1718 304 1803 stophorum
323 1720 335 1758 ²
357 1719 442 1784 hunc
465 1727 610 1786 uestrum
626 1718 751 1784 vharum
766 1725 979 1796 ostensorem,
1002 1737 1083 1805 ruga
1102 1713 1177 1800 quid
1194 1729 1251 1776 nuuc

116 1824 233 1911 luciam
260 1824 292 1889 in
317 1824 478 1909 Harciuiis
508 1824 659 1909 scopulis,
688 1825 721 1888 iu
745 1823 882 1889 Bacenis
912 1822 998 1909 iuter
1031 1815 1252 1904 Hamadryadas,

116 1929 268 1995 adlatus
292 1929 424 2014 Nojadis
443 1929 457 1968 ³
478 1932 631 2014 speciose
655 1950 821 1995 versamur
852 1926 945 1992 obliti
969 1926 1118 2011 picarum
1139 1921 1251 2009 injurio.

118 2035 311 2101 Balneamur
345 2037 377 2100 iu
409 2035 547 2119 publicis
585 2035 737 2112 thermis,
777 2032 958 2099 deserimus
978 2058 981 2061 ·
998 2031 1112 2096 literas
1143 2029 1194 2096 aed
1211 2024 1252 2091 uon

117 2139 360 2224 philosophiam.
385 2141 467 2207 Cum
490 2142 619 2207 virtutis
635 2141 754 2205 decoro
777 2137 914 2205 affamur
932 2135 1133 2222 juvenculas,
1156 2130 1253 2221 quaudo

118 2244 315 2309 thermarum
340 2247 402 2310 hic'
415 2267 484 2313 mos
508 2255 567 2313 est.
600 2246 652 2311 Nil
674 2247 872 2310 intentatum
894 2242 999 2308 nostri
1021 2241 1147 2326 liquere
1169 2245 1253 2326 poelt

116 2369 176 2413 nec
203 2348 262 2413 nos
289 2350 472 2435 linquimus.
518 2351 704 2418 Gandemus
742 2348 814 2414 cuni
844 2347 1050 2432 gaudendum
1084 2353 1157 2428 est,
1184 2345 1252 2412 etiarn

114 2454 238 2536 aegroti.
283 2455 361 2520 Haec
401 2457 460 2523 tibi
497 2455 681 2524 recensebit
711 2453 977 2538 christophorus,
1014 2455 1070 2537 qui
1104 2453 1252 2519 studiorum

115 2578 226 2624 amore
241 2560 420 2642 perculsus,
443 2562 484 2627 de
506 2562 680 2646 longinquo
697 2583 755 2626 nos
778 2559 917 2626 accessit
939 2579 1015 2625 cum
1038 2558 1163 2645 collega
1183 2565 1209 2624 et
1219 2554 1253 2620 iti

116 2664 202 2728 neris
222 2665 339 2730 comite
355 2666 496 2732 Iohanne
512 2669 651 2733 Cellario
667 2664 966 2752 Guostopolitano⁴‚
984 2664 1144 2738 bonarum
1163 2663 1252 2731 artiuu

116 2771 368 2839 similicultore:
392 2779 426 2837 et
447 2773 480 2836 iu
504 2773 583 2857 ipsis
599 2773 733 2838 Bacenis
757 2795 816 2838 nos
839 2772 998 2852 convenit,
1021 2792 1097 2837 cum
1113 2772 1194 2839 domi
1210 2786 1253 2839 nor

115 2883 235 2959 posset.
281 2878 363 2943 Eum
394 2878 454 2944 tibi
485 2880 683 2958 commende,
714 2886 752 2946 ut
784 2878 988 2945 contubernii
1021 2877 1175 2951 litterarii
1202 2892 1253 2940 cou-

115 2983 274 3067 scriptum
290 2982 447 3048 cultorem
459 2990 493 3051 et
508 2985 772 3051 ueacadamicum
784 2984 952 3069 sapientiae
965 2989 1148 3050 amatorem
1164 2981 1185 3046 ⁵.
1203 2975 1253 3045 od·

120 3109 254 3154 orarum
283 3095 413 3154 coartat
433 3090 481 3155 vis
505 3089 658 3172 digitulos
675 3091 697 3168 ⁶,
713 3112 772 3156 nec
793 3089 885 3162 ultra
907 3087 1033 3155 calamo
1058 3089 1177 3156 servire
1196 3081 1252 3170 pell

116 3202 178 3258 tur.
225 3193 332 3272 Quare
355 3195 452 3278 paulo
475 3205 550 3278 post
573 3218 646 3261 curn
668 3195 802 3262 dabitur
825 3196 951 3261 occasio
980 3195 1024 3260 ad
1048 3202 1083 3261 te
1106 3194 1253 3261 scribeuut

116 3297 223 3363 latius.
270 3299 510 3367 Illustrissimus
538 3323 641 3385 nuper
664 3302 850 3367 Fridericus
878 3302 944 3367 dux
967 3307 1076 3368 vester
1098 3301 1142 3366 ad
1163 3292 1253 3365 uosbi¹

693 3449 709 3485 ss

1078 3483 1081 3494 ·
1228 3474 1244 3509 -‚r

190 3536 200 3580 l
222 3531 307 3584 Amic.
327 3535 426 3602 ausgel.
447 3541 471 3587 2.
490 3537 534 3588 do.
556 3539 583 3587 R.
604 3536 881 3605 Pl1.binzugefflgt2;
900 3555 922 3588 a.
943 3545 967 3590 2.
1042 3544 1057 3589 2
1078 3512 1252 3606 (lbrietophoru¹

114 3622 214 3684 Ilacus,
233 3623 282 3673 mir
305 3639 355 3673 nur
373 3625 454 3675 durch
480 3615 748 3692 diese'oruthnnng,
769 3621 817 3676 wie
836 3642 884 3677 aus
904 3628 1008 3692 siutgan
1029 3629 1056 3678 iu
1076 3628 1122 3680 dor
1141 3635 1210 3679 uutou
1223 3634 1253 3671 ⁸¹¹·

112 3711 252 3776 gefiibrton
272 3713 421 3779 osmmlung
441 3712 540 3764 diesem
558 3714 642 3765 briele
661 3714 888 3764 vorunstebenden
908 3716 960 3765 und
981 3715 1124 3782 folgenden
1144 3712 1252 3782 godiclteu

112 3799 166 3849 und
185 3799 285 3850 briefen
305 3801 351 3851 deo
369 3803 492 3852 Euricius
512 3803 618 3864 Cordus,
634 3792 730 3852 'Ecban
743 3792 901 3853 Hesse'und
919 3803 1042 3868 Hutteus,
1056 3795 1182 3857 'lotorem
1198 3799 1252 3864 ohgr

113 3888 208 3939 druclrt
227 3890 252 3937 in
275 3891 382 3940 Hutteni
402 3907 488 3956 opera,
508 3891 549 3942 ed.
570 3890 690 3956 Bbclring
707 3891 734 3953 1,
752 3907 772 3940 s.
799 3893 858 3954 239,
876 3890 1000 3942 bekannt.
1038 3893 1200 3944 (temerarius
1213 3899 1252 3938 uer·

111 3978 178 4026 ratic
205 3977 236 4027 do
256 3979 365 4029 Ecbanc
387 3981 473 4029 Hesso
500 3987 579 4028 neunt
606 3980 650 4029 ihu
678 3990 754 4029 nurer
780 3979 830 4028 den
857 3979 982 4030 freondeu
1009 3981 1117 4032 liubans
1144 3980 1192 4032 und
1213 3977 1253 4038 ³⁸8¹

112 4079 162 4115 von
184 4063 236 4115 ibin
257 4066 289 4130 (B
308 4068 350 4131 8²³)
369 4068 413 4132 qui
428 4067 537 4117 medicis
552 4067 712 4118 carminibus
732 4065 1016 4134 rociendrr'prasrahat
1038 4071 1182 4136 equahour
1196 4063 1253 4118 omui·

112 4149 169 4202 bus.
216 4153 442 4206 Wabrscheiulich
469 4171 502 4204 an
531 4155 672 4207 denselbeu
701 4156 818 4207 schreibt
838 4157 1025 4208 Melanchthcn
1050 4160 1161 4224 (15382)
1184 4147 1255 4218 couti

111 4241 784 4310 reformatornmlrhcol.483sq.nr0.1647.
859 4242 1252 4314 trucidaremur*

112 4341 168 4377 nro.
200 4327 328 4379 CCLVIII
356 4328 408 4380 uud
435 4329 548 4381 CCIIX.
592 4333 783 4398 Gucspolitano
814 4342 835 4386 1
880 4337 933 4390 Dus
961 4344 1028 4391 uort
1059 4329 1251 4438 suegelaasoul·

112 4416 128 4463 ὀ
150 4416 220 4466 at.
235 4423 312 4468 unat
332 4417 432 4489 arroget.
448 4422 471 4476 2
546 4420 754 4483 tadicum?
992 4436 993 4440 ’
1199 4452 1202 4457 ·
1248 4440 1251 4448 ’
