2580 4178
675 7 737 78 166

117 217 152 277 οι
175 211 224 277 otc
246 208 354 275 omnia
375 202 530 273 constitui
550 200 631 269 mibi
653 197 851 285 rependant
879 200 918 265 ιι
940 194 1110 265 &monens
1146 194 1288 277 Τιμοῦ-

115 317 220 382 tulum
254 313 372 379 faciam
407 307 667 378 declarationum
701 324 849 371 mearum
880 302 915 369 ιιι
955 300 1068 387 ungue
1102 300 1288 387 manico

116 421 211 487 nobis
232 416 425 497 vernacula,
448 420 486 481 ut
508 435 549 481 ex
571 410 738 497 prioribus
759 408 838 475 tuis.
847 406 954 485 ΙιιιιιικΙ
974 404 1049 473 tibi
1057 405 1204 491 placore
1216 426 1288 483 con·

112 527 201 612 jicio.
255 522 434 608 Expectavi
467 520 625 585 bautenue
652 514 914 583 informationem
947 510 1152 593 doctorum
1160 518 1286 587 coatr-

118 628 300 696 bernalium
326 633 476 706 tuorum,
507 624 587 692 lieet
618 621 752 687 irmtra.
797 620 841 687 Et
866 638 953 685 nuno
980 638 1043 715 pro
1072 624 1285 705 ιικ-ἰριοριο

120 735 306 813 voluntate,
338 750 536 818 quamquam
566 733 696 813 tempus
714 724 907 799 ,admodum
943 722 1043 791 breve
1062 728 1166 805 ent„
1180 728 1285 799 ιιιοι

120 861 182 906 noc
184 845 234 905 teo
184 838 410 905 insomnes
417 836 546 918 ducam,
562 832 699 919 eoquod
706 832 777 899 dice
790 828 871 897 mibi
885 828 1284 951 conmmendinoeemuio

117 947 187 1031 jam
210 943 306 1012 sint
297 965 331 1008 ιι
360 938 546 1027 reipubl-icae
568 938 710 1024 negociis
732 934 945 1021 secularibus,
966 935 1016 1003 itu
1036 941 1076 1003 ιιι
1096 934 1153 1029 ιιι
1173 956 1284 1023 wau

122 1072 190 1136 pree
220 1047 388 1115 laboribus
415 1047 517 1113 hiare.
563 1044 627 1113 Sed
658 1050 769 1111 remen
797 1046 934 1128 propter
961 1016 1142 1125 Obrimum}
1163 1040 1283 1189 κριοῦ

123 1155 272 1222 omuibus
294 1153 377 1234 aliie,
398 1151 571 1273 operabor.

212 1259 304 1339 Quod
334 1258 404 1325 ιο
394 1279 427 1325 m
457 1261 603 1337 tuntum,
637 1254 723 1321 eicut
752 1253 884 1335 scribis,
911 1272 973 1339 pro
995 1272 1062 1319 me.
1070 1190 1236 1335 ebali-m
1252 1256 1283 1321 ιι

123 1363 391 1451 promissionibus
431 1362 472 1429 de
507 1383 559 1429 me
588 1360 655 1427 tuis
687 1358 863 1445 inquisitor
892 1358 1126 1445 acquieverim
1159 1378 1221 1425 nec
1241 1356 1283 1429 ιι

127 1470 336 1536 cremandum
372 1467 517 1534 libellum
547 1473 606 1533 eut
628 1465 672 1531 ad
694 1466 760 1531 mei
781 1463 984 1553 vocationem
1006 1463 1051 1531 ab
1071 1462 1188 1551 aliquo
1208 1484 1280 1551 prc-

125 1578 293 1662 cipitatum
318 1573 425 1653 fuerit,
450 1578 539 1639 certe
562 1572 692 1656 utrique
716 1571 805 1656 parti
826 1570 953 1637 utiliter
967 1568 1100 1655 gessisti
1113 1570 1284 1655 negocium

124 1683 208 1749 Nam
235 1701 365 1760 revera,
400 1679 526 1763 egregie
558 1676 689 1758 doctor,
722 1677 828 1743 anime
851 1677 911 1758 mi,
943 1682 1002 1743 tuo
1028 1676 1124 1743 cordi
1156 1698 1201 1743 ex
1220 1696 1283 1743 mco

125 1788 222 1854 corde
255 1787 316 1851 boc
350 1790 511 1850 secretum
534 1782 656 1864 revelo,
675 1775 738 1848 'ita
769 1804 822 1849 me
852 1782 1127 1869 peritissimorum
1159 1782 1284 1849 condlio

127 1915 198 1958 esse
222 1891 400 1970 fundatum,
424 1889 472 1955 ita
495 1888 676 1956 validorum
700 1910 761 1973 ope
785 1886 966 1970 suffultum,
989 1893 1029 1955 ut
1049 1888 1159 1975 majus
1181 1886 1285 1957 adum·

126 1997 222 2062 sariis
245 1994 474 2061 detrimentum
502 2000 537 2061 et
566 2016 676 2061 rerum
699 2000 734 2061 et
756 1994 852 2061 famae
883 2000 1049 2078 surgeret,
1075 2014 1179 2081 quum
1207 1992 1285 2073 ιιιιιιι,

127 2102 155 2167 si
179 2100 256 2186 quid
280 2106 402 2166 temere
426 2106 540 2166 contra
567 2122 619 2166 me
642 2099 843 2167 molirentur.
888 2099 957 2167 Nec
981 2101 1061 2186 jura
1090 2100 1287 2185 pertimesco,

129 2207 188 2272 sed
210 2207 370 2291 injuriam,
395 2211 502 2271 stante
525 2206 746 2272 declaratione
769 2227 843 2272 mea
864 2206 898 2272 in
920 2205 1023 2273 latino
1046 2205 1149 2273 edita.
1177 2206 1287 2287 Quem

126 2319 194 2378 tam
217 2312 266 2377 tui
288 2312 345 2392 illi,
369 2333 466 2396 quam
491 2311 644 2397 ego‘ipse
666 2311 801 2379 meritae
824 2311 885 2377 tibi
908 2311 1033 2396 gratias
1054 2332 1193 2397 agamm
1207 2316 1287 2379 recte

127 2417 247 2498 licebit,
270 2416 418 2501 utrisque
442 2417 525 2482 enim
549 2416 709 2501 profuisti.
756 2416 859 2483 Crede
882 2417 977 2498 mihi,
1007 2438 1073 2484 non
1103 2438 1176 2485 eum
1200 2417 1288 2484 docti

128 2529 219 2589 tutus
257 2523 558 2608 potentissimorum
594 2523 731 2589 auxiliis.
786 2523 851 2589 Sed
890 2530 1000 2589 tumen
1034 2545 1097 2609 pro
1135 2524 1288 2591 modestia

126 2636 250 2694 natura
284 2650 362 2694 meae
393 2629 488 2714 cupio
516 2649 630 2713 pacem
659 2629 732 2712 plue
761 2650 859 2715 quam
884 2630 1028 2714 gentium
1060 2635 1096 2696 οι
1127 2630 1288 2697 nationum

129 2734 216 2799 bella
248 2735 298 2800 vel
327 2733 554 2801 diffidationea.
600 2736 644 2800 Et
673 2735 758 2800 malo
793 2756 864 2801 esee
895 2736 928 2800 in
958 2735 1043 2801 bona
1073 2736 1221 2802 amicitia
1268 2764 1272 2791 ι

129 2840 255 2924 collegii
278 2839 442 2906 bominum
467 2840 760 2907 eruditissimorum
784 2863 858 2908 cum
881 2840 998 2926 quibus
1021 2841 1164 2926 posthae
1186 2843 1248 2909 fut
1279 2870 1281 2897 ι

129 2946 172 3009 eit
202 2945 281 3009 mibi
315 2946 411 3010 docta
443 2953 476 3011 et
504 2947 612 3012 suavis
641 2948 843 3013 conversatio
882 2954 916 3013 et
951 2947 1058 3013 amica
1095 2947 1282 3015 fraternitas

129 3072 226 3133 quam
250 3050 361 3115 litibus
385 3050 463 3116 dare
487 3073 628 3136 operam.
675 3053 783 3118 Facile
807 3053 878 3118 rixa
901 3052 1024 3133 oritur,
1055 3053 1113 3119 sed
1146 3053 1285 3119 difficile

130 3154 230 3219 babet
254 3157 381 3237 exitus,
414 3157 474 3223 hoc
498 3179 563 3223 non
587 3163 714 3224 tantum
746 3179 815 3242 egn,
847 3132 905 3224 sed
936 3158 1035 3225 etiam
1064 3179 1124 3227 vos
1153 3160 1290 3245 cogitur

130 3258 266 3326 debetis.

217 3367 309 3445 Quod
339 3367 401 3432 nisi
430 3389 518 3434 essee
548 3369 632 3435 alter
665 3392 736 3455 ege,
768 3371 837 3436 haee
868 3371 910 3437 ad
940 3377 974 3437 te
1015 3391 1080 3435 non
1110 3370 1283 3438 scriberem

127 3472 211 3537 Nam
235 3494 330 3557 quem
364 3479 487 3539 motum
512 3475 650 3541 cieret
640 3499 673 3541 m
698 3476 782 3542 milit
783 3477 933 3543 aribust
918 3482 986 3543 tam
1009 3475 1224 3563 nobilibuoq
1251 3505 1284 3535 ει·

129 3579 331 3662 plebaeie?e
314 3579 412 3644 etiam
444 3581 731 3648 istietdeloricatre
763 3585 896 3663 tunicis,
927 3589 961 3648 et
990 3583 1194 3649 cicatricosis
1200 3501 1281 3649 qveli

126 3686 222 3765 tibus,
254 3686 282 3749 si
306 3685 540 3751 Demosthenes
570 3688 687 3774 aliquis
720 3711 828 3756 coram
853 3694 1038 3774 exponeret,
1071 3710 1112 3755 ac
1135 3689 1286 3756 rhetoric

127 3790 280 3854 declamit
267 3795 353 3856 ttare
376 3790 471 3876 hujus
494 3794 617 3877 negocii
639 3797 844 3880 principium,
868 3795 1010 3862 medium
1033 3802 1068 3861 et
1089 3793 1206 3878 finem,
1229 3799 1282 3881 qui

126 3893 187 3959 bus
210 3895 308 3961 fuerit
331 3896 495 3978 Christus,
527 3900 645 3984 quibus
675 3901 773 3968 fuerit
796 3901 902 3970 fiscus.
948 3902 1074 3969 Deinde
1096 3922 1208 3970 meam
1250 3931 1284 3959 :u

709 4047 727 4086 ’l‘
