<?xml version="1.0" encoding="UTF-8"?>
<!DOCTYPE html PUBLIC "-//W3C//DTD XHTML 1.0 Transitional//EN"
    "http://www.w3.org/TR/xhtml1/DTD/xhtml1-transitional.dtd">
<html xmlns="http://www.w3.org/1999/xhtml" xml:lang="en" lang="en">
 <head>
  <title>
</title>
<meta http-equiv="Content-Type" content="text/html;charset=utf-8" />
  <meta name='ocr-system' content='tesseract 3.04.00' />
  <meta name='ocr-capabilities' content='ocr_page ocr_carea ocr_par ocr_line ocrx_word'/>
</head>
<body>
  <div class='ocr_page' id='page_1' title='image "./johannreuchlins01reucgoog/johannreuchlins01reucgoog_0211.png"; bbox 0 0 2798 4980; ppageno 0'>
   <div class='ocr_carea' id='block_1_1' title="bbox 669 325 730 389">
    <p class='ocr_par' dir='ltr' id='par_1_1' title="bbox 669 325 730 389">
     <span class='ocr_line' id='line_1_1' title="bbox 669 325 730 389; baseline 0 -1"><span class='ocrx_word' id='word_1_1' title='bbox 669 325 730 389; x_wconf 81' lang='lat'>199</span> 
     </span>
    </p>
   </div>
   <div class='ocr_carea' id='block_1_2' title="bbox 96 508 1381 2915">
    <p class='ocr_par' dir='ltr' id='par_1_2' title="bbox 96 508 1381 2915">
     <span class='ocr_line' id='line_1_2' title="bbox 96 508 1278 603; baseline 0.008 -27"><span class='ocrx_word' id='word_1_2' title='bbox 96 508 232 584; x_wconf 66' lang='lat' dir='ltr'>⁴schithe</span> <span class='ocrx_word' id='word_1_3' title='bbox 257 508 317 576; x_wconf 88' lang='lat' dir='ltr'>wol</span> <span class='ocrx_word' id='word_1_4' title='bbox 333 531 442 594; x_wconf 86' lang='lat' dir='ltr'>wegen</span> <span class='ocrx_word' id='word_1_5' title='bbox 457 510 564 578; x_wconf 90' lang='lat' dir='ltr'>seiner</span> <span class='ocrx_word' id='word_1_6' title='bbox 578 511 761 580; x_wconf 86' lang='lat' dir='ltr'>verdienste</span> <span class='ocrx_word' id='word_1_7' title='bbox 777 535 832 580; x_wconf 92' lang='lat' dir='ltr'>um</span> <span class='ocrx_word' id='word_1_8' title='bbox 848 513 901 581; x_wconf 87' lang='lat' dir='ltr'>die</span> <span class='ocrx_word' id='word_1_9' title='bbox 917 513 1109 585; x_wconf 73' lang='lat' dir='ltr'>hebraismo</span> <span class='ocrx_word' id='word_1_10' title='bbox 1132 519 1278 603; x_wconf 88' lang='lat' dir='ltr'>sprache.</span> 
     </span>
     <span class='ocr_line' id='line_1_3' title="bbox 112 616 1279 709; baseline 0.009 -29"><span class='ocrx_word' id='word_1_11' title='bbox 112 616 269 701; x_wconf 82' lang='lat' dir='ltr'>Quodque</span> <span class='ocrx_word' id='word_1_12' title='bbox 287 637 356 682; x_wconf 90' lang='lat' dir='ltr'>-non</span> <span class='ocrx_word' id='word_1_13' title='bbox 380 618 576 700; x_wconf 82' lang='lat' dir='ltr'>ignorarent,</span> <span class='ocrx_word' id='word_1_14' title='bbox 601 641 652 684; x_wconf 91' lang='lat' dir='ltr'>me</span> <span class='ocrx_word' id='word_1_15' title='bbox 676 625 752 685; x_wconf 89' lang='lat' dir='ltr'>ante</span> <span class='ocrx_word' id='word_1_16' title='bbox 776 642 887 686; x_wconf 90' lang='lat' dir='ltr'>omnes</span> <span class='ocrx_word' id='word_1_17' title='bbox 910 623 1004 688; x_wconf 92' lang='lat' dir='ltr'>annis</span> <span class='ocrx_word' id='word_1_18' title='bbox 1027 625 1112 689; x_wconf 90' lang='lat' dir='ltr'>citra</span> <span class='ocrx_word' id='word_1_19' title='bbox 1136 624 1279 709; x_wconf 90' lang='lat' dir='ltr'>qnadra-</span> 
     </span>
     <span class='ocr_line' id='line_1_4' title="bbox 112 723 1279 811; baseline 0.009 -25"><span class='ocrx_word' id='word_1_20' title='bbox 112 723 202 805; x_wconf 86' lang='lat' dir='ltr'>ginta</span> <span class='ocrx_word' id='word_1_21' title='bbox 229 742 342 788; x_wconf 89' lang='lat' dir='ltr'>rursus</span> <span class='ocrx_word' id='word_1_22' title='bbox 374 723 571 789; x_wconf 80' lang='lat' dir='ltr'>Alemanniae</span> <span class='ocrx_word' id='word_1_23' title='bbox 604 724 746 790; x_wconf 89' lang='lat' dir='ltr'>scholam</span> <span class='ocrx_word' id='word_1_24' title='bbox 782 747 887 808; x_wconf 84' lang='lat' dir='ltr'>graece</span> <span class='ocrx_word' id='word_1_25' title='bbox 921 726 1082 795; x_wconf 91' lang='lat' dir='ltr'>elementa</span> <span class='ocrx_word' id='word_1_26' title='bbox 1120 729 1279 811; x_wconf 79' lang='lat' dir='ltr'><strong>docuisse,</strong></span> 
     </span>
     <span class='ocr_line' id='line_1_5' title="bbox 113 827 1275 918; baseline 0.006 -25"><span class='ocrx_word' id='word_1_27' title='bbox 113 847 184 911; x_wconf 82' lang='lat' dir='ltr'>quae</span> <span class='ocrx_word' id='word_1_28' title='bbox 205 827 276 911; x_wconf 86' lang='lat' dir='ltr'>ipse</span> <span class='ocrx_word' id='word_1_29' title='bbox 300 849 357 911; x_wconf 82' lang='lat' dir='ltr'>ego</span> <span class='ocrx_word' id='word_1_30' title='bbox 382 829 545 912; x_wconf 90' lang='lat' dir='ltr'>quondam</span> <span class='ocrx_word' id='word_1_31' title='bbox 566 830 600 894; x_wconf 93' lang='lat' dir='ltr'>in</span> <span class='ocrx_word' id='word_1_32' title='bbox 623 835 732 896; x_wconf 82' lang='lat' dir='ltr'>vestra</span> <span class='ocrx_word' id='word_1_33' title='bbox 749 829 855 897; x_wconf 84' lang='lat' dir='ltr'>Gallia</span> <span class='ocrx_word' id='word_1_34' title='bbox 878 854 918 898; x_wconf 87' lang='lat' dir='ltr'>ex</span> <span class='ocrx_word' id='word_1_35' title='bbox 943 832 1110 918; x_wconf 82' lang='lat' dir='ltr'>discipulis</span> <span class='ocrx_word' id='word_1_36' title='bbox 1127 833 1275 918; x_wconf 81' lang='lat' dir='ltr'>Gregorii</span> 
     </span>
     <span class='ocr_line' id='line_1_6' title="bbox 113 931 1276 1024; baseline 0.008 -27"><span class='ocrx_word' id='word_1_37' title='bbox 113 931 319 1016; x_wconf 89' lang='lat' dir='ltr'>Tiphernatis</span> <span class='ocrx_word' id='word_1_38' title='bbox 332 933 523 1001; x_wconf 83' lang='lat' dir='ltr'>adulescens</span> <span class='ocrx_word' id='word_1_39' title='bbox 535 934 652 999; x_wconf 75' lang='lat' dir='ltr'>Parisii</span> <span class='ocrx_word' id='word_1_40' title='bbox 665 956 856 1018; x_wconf 82' lang='lat' dir='ltr'>acceperam</span> <span class='ocrx_word' id='word_1_41' title='bbox 873 958 957 1003; x_wconf 90' lang='lat' dir='ltr'>anno</span> <span class='ocrx_word' id='word_1_42' title='bbox 973 939 1101 1004; x_wconf 88' lang='lat' dir='ltr'>Domini</span> <span class='ocrx_word' id='word_1_43' title='bbox 1113 945 1196 1005; x_wconf 83' lang='grc'><strong>1473</strong></span> <span class='ocrx_word' id='word_1_44' title='bbox 1212 946 1276 1024; x_wconf 83' lang='lat' dir='ltr'>quo</span> 
     </span>
     <span class='ocr_line' id='line_1_7' title="bbox 112 1037 1278 1128; baseline 0.006 -25"><span class='ocrx_word' id='word_1_45' title='bbox 112 1037 145 1103; x_wconf 89' lang='lat' dir='ltr'>in</span> <span class='ocrx_word' id='word_1_46' title='bbox 169 1043 314 1123; x_wconf 88' lang='lat' dir='ltr'>tempore</span> <span class='ocrx_word' id='word_1_47' title='bbox 345 1040 410 1105; x_wconf 92' lang='lat' dir='ltr'>illic</span> <span class='ocrx_word' id='word_1_48' title='bbox 442 1046 475 1105; x_wconf 92' lang='lat' dir='ltr'>et</span> <span class='ocrx_word' id='word_1_49' title='bbox 502 1041 661 1105; x_wconf 78' lang='lat' dir='ltr'>loannem</span> <span class='ocrx_word' id='word_1_50' title='bbox 684 1041 885 1125; x_wconf 88' lang='lat' dir='ltr'>Lapidanum</span> <span class='ocrx_word' id='word_1_51' title='bbox 916 1042 1086 1128; x_wconf 83' lang='lat' dir='ltr'>theologiae</span> <span class='ocrx_word' id='word_1_52' title='bbox 1110 1043 1278 1111; x_wconf 91' lang='lat' dir='ltr'>doctorem</span> 
     </span>
     <span class='ocr_line' id='line_1_8' title="bbox 112 1143 1281 1227; baseline 0.005 -20"><span class='ocrx_word' id='word_1_53' title='bbox 112 1143 145 1207; x_wconf 89' lang='lat' dir='ltr'>in</span> <span class='ocrx_word' id='word_1_54' title='bbox 167 1145 386 1227; x_wconf 82' lang='lat' dir='ltr'>grammaticis</span> <span class='ocrx_word' id='word_1_55' title='bbox 415 1145 458 1209; x_wconf 89' lang='lat' dir='ltr'>ad</span> <span class='ocrx_word' id='word_1_56' title='bbox 482 1144 669 1223; x_wconf 84' lang='lat' dir='ltr'>Serbonam,</span> <span class='ocrx_word' id='word_1_57' title='bbox 702 1152 735 1211; x_wconf 91' lang='lat' dir='ltr'>et</span> <span class='ocrx_word' id='word_1_58' title='bbox 764 1146 970 1213; x_wconf 89' lang='lat' dir='ltr'>Guilielmum</span> <span class='ocrx_word' id='word_1_59' title='bbox 998 1149 1172 1215; x_wconf 82' lang='lat' dir='ltr'>Tardirnm</span> <span class='ocrx_word' id='word_1_60' title='bbox 1202 1150 1281 1214; x_wconf 89' lang='lat' dir='ltr'>Ani·</span> 
     </span>
     <span class='ocr_line' id='line_1_9' title="bbox 113 1249 1281 1339; baseline 0.006 -26"><span class='ocrx_word' id='word_1_61' title='bbox 113 1249 253 1314; x_wconf 89' lang='lat' dir='ltr'>ciensem</span> <span class='ocrx_word' id='word_1_62' title='bbox 280 1250 313 1313; x_wconf 93' lang='lat' dir='ltr'>in</span> <span class='ocrx_word' id='word_1_63' title='bbox 343 1250 413 1316; x_wconf 87' lang='lat' dir='ltr'>vico</span> <span class='ocrx_word' id='word_1_64' title='bbox 437 1250 467 1316; x_wconf 84' lang='lat' dir='ltr'>S.</span> <span class='ocrx_word' id='word_1_65' title='bbox 492 1249 662 1316; x_wconf 84' lang='lat' dir='ltr'>Genovefee</span> <span class='ocrx_word' id='word_1_66' title='bbox 685 1258 719 1316; x_wconf 93' lang='lat' dir='ltr'>et</span> <span class='ocrx_word' id='word_1_67' title='bbox 748 1251 950 1318; x_wconf 89' lang='lat' dir='ltr'>Roberthum</span> <span class='ocrx_word' id='word_1_68' title='bbox 981 1251 1164 1338; x_wconf 83' lang='lat' dir='ltr'>Gaguinum</span> <span class='ocrx_word' id='word_1_69' title='bbox 1190 1254 1281 1339; x_wconf 89' lang='lat' dir='ltr'>apud</span> 
     </span>
     <span class='ocr_line' id='line_1_10' title="bbox 113 1354 1281 1440; baseline 0.006 -21"><span class='ocrx_word' id='word_1_70' title='bbox 113 1354 294 1421; x_wconf 85' lang='lat' dir='ltr'>Maturinos</span> <span class='ocrx_word' id='word_1_71' title='bbox 316 1356 348 1420; x_wconf 95' lang='lat' dir='ltr'>in</span> <span class='ocrx_word' id='word_1_72' title='bbox 373 1355 554 1423; x_wconf 80' lang='lat' dir='ltr'>Rhetoricis</span> <span class='ocrx_word' id='word_1_73' title='bbox 577 1363 794 1440; x_wconf 87' lang='lat' dir='ltr'>praeceptores</span> <span class='ocrx_word' id='word_1_74' title='bbox 818 1358 944 1438; x_wconf 85' lang='lat' dir='ltr'>audiri,</span> <span class='ocrx_word' id='word_1_75' title='bbox 969 1379 1042 1424; x_wconf 91' lang='lat' dir='ltr'>oum</span> <span class='ocrx_word' id='word_1_76' title='bbox 1066 1380 1170 1425; x_wconf 90' lang='lat' dir='ltr'>essem</span> <span class='ocrx_word' id='word_1_77' title='bbox 1192 1381 1212 1426; x_wconf 93' lang='lat' dir='ltr'>e</span> <span class='ocrx_word' id='word_1_78' title='bbox 1234 1360 1281 1426; x_wconf 88' lang='lat' dir='ltr'>sa-</span> 
     </span>
     <span class='ocr_line' id='line_1_11' title="bbox 113 1457 1281 1550; baseline 0.007 -27"><span class='ocrx_word' id='word_1_79' title='bbox 113 1460 201 1524; x_wconf 88' lang='lat' dir='ltr'>milia</span> <span class='ocrx_word' id='word_1_80' title='bbox 226 1461 422 1527; x_wconf 88' lang='lat' dir='ltr'>Marohionis</span> <span class='ocrx_word' id='word_1_81' title='bbox 445 1460 601 1526; x_wconf 83' lang='lat' dir='ltr'>Friderici</span> <span class='ocrx_word' id='word_1_82' title='bbox 631 1457 791 1545; x_wconf 89' lang='lat' dir='ltr'>Principis</span> <span class='ocrx_word' id='word_1_83' title='bbox 815 1462 990 1543; x_wconf 88' lang='lat' dir='ltr'>Badensis,</span> <span class='ocrx_word' id='word_1_84' title='bbox 1021 1485 1105 1529; x_wconf 90' lang='lat' dir='ltr'>nunc</span> <span class='ocrx_word' id='word_1_85' title='bbox 1129 1465 1281 1550; x_wconf 88' lang='lat' dir='ltr'>Episcopi</span> 
     </span>
     <span class='ocr_line' id='line_1_12' title="bbox 114 1565 1281 1656; baseline 0.003 -25"><span class='ocrx_word' id='word_1_86' title='bbox 114 1565 331 1650; x_wconf 84' lang='lat' dir='ltr'>Trajectentis</span> <span class='ocrx_word' id='word_1_87' title='bbox 364 1569 568 1656; x_wconf 74' lang='grc' dir='ltr'>συμφοιτητής</span> <span class='ocrx_word' id='word_1_88' title='bbox 595 1569 616 1631; x_wconf 84' lang='lat'>¹.</span> <span class='ocrx_word' id='word_1_89' title='bbox 679 1568 816 1633; x_wconf 88' lang='lat' dir='ltr'>Demum</span> <span class='ocrx_word' id='word_1_90' title='bbox 852 1574 925 1652; x_wconf 90' lang='lat' dir='ltr'>post</span> <span class='ocrx_word' id='word_1_91' title='bbox 963 1568 1088 1652; x_wconf 84' lang='lat' dir='ltr'>aliquot</span> <span class='ocrx_word' id='word_1_92' title='bbox 1127 1588 1229 1637; x_wconf 86' lang='lat' dir='ltr'>annos</span> <span class='ocrx_word' id='word_1_93' title='bbox 1263 1591 1281 1635; x_wconf 94' lang='lat' dir='ltr'>e</span> 
     </span>
     <span class='ocr_line' id='line_1_13' title="bbox 114 1669 1283 1757; baseline 0.003 -21"><span class='ocrx_word' id='word_1_94' title='bbox 114 1669 235 1736; x_wconf 85' lang='lat' dir='ltr'>Suevia</span> <span class='ocrx_word' id='word_1_95' title='bbox 256 1670 388 1737; x_wconf 89' lang='lat' dir='ltr'>rediens</span> <span class='ocrx_word' id='word_1_96' title='bbox 410 1672 453 1738; x_wconf 89' lang='lat' dir='ltr'>ad</span> <span class='ocrx_word' id='word_1_97' title='bbox 475 1671 625 1738; x_wconf 88' lang='lat' dir='ltr'>Parisios</span> <span class='ocrx_word' id='word_1_98' title='bbox 636 1671 808 1756; x_wconf 82' lang='lat' dir='ltr'>Georgium</span> <span class='ocrx_word' id='word_1_99' title='bbox 824 1672 1078 1757; x_wconf 87' lang='lat' dir='ltr'>Hermonymum</span> <span class='ocrx_word' id='word_1_100' title='bbox 1094 1673 1283 1757; x_wconf 78' lang='lat' dir='ltr'>Spartiatam</span> 
     </span>
     <span class='ocr_line' id='line_1_14' title="bbox 113 1776 1284 1862; baseline 0.003 -21"><span class='ocrx_word' id='word_1_101' title='bbox 113 1797 217 1859; x_wconf 82' lang='lat' dir='ltr'>graeoe</span> <span class='ocrx_word' id='word_1_102' title='bbox 248 1776 418 1845; x_wconf 89' lang='lat' dir='ltr'>docentem</span> <span class='ocrx_word' id='word_1_103' title='bbox 441 1783 635 1862; x_wconf 87' lang='lat' dir='ltr'>assequutus</span> <span class='ocrx_word' id='word_1_104' title='bbox 659 1798 739 1843; x_wconf 91' lang='lat' dir='ltr'>sum.</span> <span class='ocrx_word' id='word_1_105' title='bbox 787 1776 920 1861; x_wconf 83' lang='lat' dir='ltr'>Ounque</span> <span class='ocrx_word' id='word_1_106' title='bbox 952 1779 1148 1861; x_wconf 89' lang='lat' dir='ltr'>optimarum</span> <span class='ocrx_word' id='word_1_107' title='bbox 1172 1778 1284 1845; x_wconf 88' lang='lat' dir='ltr'>litera·</span> 
     </span>
     <span class='ocr_line' id='line_1_15' title="bbox 113 1880 1283 1965; baseline 0.002 -19"><span class='ocrx_word' id='word_1_108' title='bbox 113 1903 184 1946; x_wconf 90' lang='lat' dir='ltr'>rum</span> <span class='ocrx_word' id='word_1_109' title='bbox 209 1882 347 1949; x_wconf 88' lang='lat' dir='ltr'>studiosi</span> <span class='ocrx_word' id='word_1_110' title='bbox 370 1904 480 1949; x_wconf 89' lang='lat' dir='ltr'>omnes</span> <span class='ocrx_word' id='word_1_111' title='bbox 498 1889 661 1949; x_wconf 85' lang='lat' dir='ltr'>nostrates</span> <span class='ocrx_word' id='word_1_112' title='bbox 677 1880 893 1947; x_wconf 88' lang='lat' dir='ltr'>confiteantur</span> <span class='ocrx_word' id='word_1_113' title='bbox 909 1903 943 1947; x_wconf 88' lang='lat' dir='ltr'>se</span> <span class='ocrx_word' id='word_1_114' title='bbox 960 1903 1063 1965; x_wconf 82' lang='lat' dir='ltr'>graeca</span> <span class='ocrx_word' id='word_1_115' title='bbox 1079 1888 1113 1947; x_wconf 92' lang='lat' dir='ltr'>et</span> <span class='ocrx_word' id='word_1_116' title='bbox 1128 1882 1283 1948; x_wconf 89' lang='lat' dir='ltr'>hebraica</span> 
     </span>
     <span class='ocr_line' id='line_1_16' title="bbox 114 1986 1284 2072; baseline 0.001 -20"><span class='ocrx_word' id='word_1_117' title='bbox 114 2009 165 2053; x_wconf 89' lang='lat' dir='ltr'>mc</span> <span class='ocrx_word' id='word_1_118' title='bbox 190 1993 306 2054; x_wconf 87' lang='lat' dir='ltr'>autore</span> <span class='ocrx_word' id='word_1_119' title='bbox 337 1988 494 2072; x_wconf 88' lang='lat' dir='ltr'>primario</span> <span class='ocrx_word' id='word_1_120' title='bbox 517 1988 685 2069; x_wconf 85' lang='lat' dir='ltr'>didicisse,</span> <span class='ocrx_word' id='word_1_121' title='bbox 709 2009 773 2053; x_wconf 92' lang='lat' dir='ltr'>non</span> <span class='ocrx_word' id='word_1_122' title='bbox 795 1987 903 2071; x_wconf 91' lang='lat' dir='ltr'>potuit</span> <span class='ocrx_word' id='word_1_123' title='bbox 925 1986 1186 2053; x_wconf 88' lang='lat' dir='ltr'>adversariorum</span> <span class='ocrx_word' id='word_1_124' title='bbox 1210 1987 1284 2053; x_wconf 91' lang='lat' dir='ltr'>bar-</span> 
     </span>
     <span class='ocr_line' id='line_1_17' title="bbox 115 2092 1282 2180; baseline 0.002 -23"><span class='ocrx_word' id='word_1_125' title='bbox 115 2092 270 2158; x_wconf 91' lang='lat' dir='ltr'>barorum</span> <span class='ocrx_word' id='word_1_126' title='bbox 298 2115 389 2159; x_wconf 87' lang='lat' dir='ltr'>mera</span> <span class='ocrx_word' id='word_1_127' title='bbox 419 2094 573 2180; x_wconf 84' lang='lat' dir='ltr'>superbia</span> <span class='ocrx_word' id='word_1_128' title='bbox 601 2115 692 2179; x_wconf 86' lang='lat' dir='ltr'>aequo</span> <span class='ocrx_word' id='word_1_129' title='bbox 721 2093 828 2158; x_wconf 87' lang='lat' dir='ltr'>animo</span> <span class='ocrx_word' id='word_1_130' title='bbox 851 2092 937 2158; x_wconf 88' lang='lat' dir='ltr'>ferre</span> <span class='ocrx_word' id='word_1_131' title='bbox 961 2099 1054 2158; x_wconf 87' lang='lat' dir='ltr'>tanta</span> <span class='ocrx_word' id='word_1_132' title='bbox 1084 2113 1163 2158; x_wconf 83' lang='lat' dir='ltr'>meae</span> <span class='ocrx_word' id='word_1_133' title='bbox 1186 2092 1282 2159; x_wconf 84' lang='lat' dir='ltr'>famae</span> 
     </span>
     <span class='ocr_line' id='line_1_18' title="bbox 116 2197 1284 2284; baseline 0.001 -21"><span class='ocrx_word' id='word_1_134' title='bbox 116 2198 294 2283; x_wconf 86' lang='lat' dir='ltr'>praeconia,</span> <span class='ocrx_word' id='word_1_135' title='bbox 324 2220 469 2284; x_wconf 87' lang='lat' dir='ltr'>persaepe</span> <span class='ocrx_word' id='word_1_136' title='bbox 492 2199 751 2279; x_wconf 86' lang='lat' dir='ltr'>formidantium,</span> <span class='ocrx_word' id='word_1_137' title='bbox 776 2199 861 2283; x_wconf 88' lang='lat' dir='ltr'>quod</span> <span class='ocrx_word' id='word_1_138' title='bbox 885 2198 1103 2264; x_wconf 88' lang='lat' dir='ltr'>ornatioribus</span> <span class='ocrx_word' id='word_1_139' title='bbox 1127 2197 1284 2264; x_wconf 90' lang='lat' dir='ltr'>doctrinis</span> 
     </span>
     <span class='ocr_line' id='line_1_19' title="bbox 117 2302 1285 2389; baseline 0.002 -21"><span class='ocrx_word' id='word_1_140' title='bbox 117 2302 245 2368; x_wconf 88' lang='lat' dir='ltr'>imbuta</span> <span class='ocrx_word' id='word_1_141' title='bbox 272 2304 463 2387; x_wconf 88' lang='lat' dir='ltr'>posteritas,</span> <span class='ocrx_word' id='word_1_142' title='bbox 493 2304 632 2389; x_wconf 88' lang='lat' dir='ltr'>puerilia</span> <span class='ocrx_word' id='word_1_143' title='bbox 655 2305 763 2370; x_wconf 91' lang='lat' dir='ltr'>studia</span> <span class='ocrx_word' id='word_1_144' title='bbox 785 2310 819 2370; x_wconf 90' lang='lat' dir='ltr'>et</span> <span class='ocrx_word' id='word_1_145' title='bbox 841 2303 943 2369; x_wconf 88' lang='lat' dir='ltr'>aniles</span> <span class='ocrx_word' id='word_1_146' title='bbox 975 2303 1178 2389; x_wconf 89' lang='lat' dir='ltr'>disciplinas,</span> <span class='ocrx_word' id='word_1_147' title='bbox 1213 2325 1285 2389; x_wconf 86' lang='lat' dir='ltr'>quae</span> 
     </span>
     <span class='ocr_line' id='line_1_20' title="bbox 111 2407 1284 2493; baseline 0.001 -21"><span class='ocrx_word' id='word_1_148' title='bbox 111 2408 229 2493; x_wconf 90' lang='lat' dir='ltr'>jandiu</span> <span class='ocrx_word' id='word_1_149' title='bbox 263 2408 295 2473; x_wconf 91' lang='lat' dir='ltr'>in</span> <span class='ocrx_word' id='word_1_150' title='bbox 328 2420 438 2476; x_wconf 90' lang='lat' dir='ltr'>nostra</span> <span class='ocrx_word' id='word_1_151' title='bbox 472 2410 705 2476; x_wconf 88' lang='lat' dir='ltr'>consuetudine</span> <span class='ocrx_word' id='word_1_152' title='bbox 729 2415 909 2488; x_wconf 86' lang='lat' dir='ltr'>versantur,</span> <span class='ocrx_word' id='word_1_153' title='bbox 934 2413 1128 2474; x_wconf 89' lang='lat' dir='ltr'>contemnat.</span> <span class='ocrx_word' id='word_1_154' title='bbox 1175 2407 1284 2493; x_wconf 82' lang='lat' dir='ltr'>Gegen</span> 
     </span>
     <span class='ocr_line' id='line_1_21' title="bbox 115 2509 1289 2599; baseline -0.001 -21"><span class='ocrx_word' id='word_1_155' title='bbox 115 2509 206 2579; x_wconf 87' lang='lat' dir='ltr'>diese</span> <span class='ocrx_word' id='word_1_156' title='bbox 231 2512 365 2598; x_wconf 84' lang='lat' dir='ltr'>angriffe</span> <span class='ocrx_word' id='word_1_157' title='bbox 390 2514 473 2580; x_wconf 85' lang='lat' dir='ltr'>habe</span> <span class='ocrx_word' id='word_1_158' title='bbox 498 2537 533 2581; x_wconf 91' lang='lat' dir='ltr'>er</span> <span class='ocrx_word' id='word_1_159' title='bbox 557 2515 624 2580; x_wconf 91' lang='lat' dir='ltr'>sich</span> <span class='ocrx_word' id='word_1_160' title='bbox 648 2514 853 2599; x_wconf 84' lang='lat' dir='ltr'>vertheidigt,</span> <span class='ocrx_word' id='word_1_161' title='bbox 878 2513 1006 2579; x_wconf 86' lang='lat' dir='ltr'>schioke</span> <span class='ocrx_word' id='word_1_162' title='bbox 1022 2515 1088 2579; x_wconf 92' lang='lat' dir='ltr'>ihm</span> <span class='ocrx_word' id='word_1_163' title='bbox 1104 2513 1156 2579; x_wconf 91' lang='lat' dir='ltr'>die</span> <span class='ocrx_word' id='word_1_164' title='bbox 1174 2513 1289 2579; x_wconf 83' lang='lat' dir='ltr'>schrift</span> 
     </span>
     <span class='ocr_line' id='line_1_22' title="bbox 116 2618 1287 2704; baseline -0.001 -20"><span class='ocrx_word' id='word_1_165' title='bbox 116 2618 184 2684; x_wconf 93' lang='lat' dir='ltr'>und</span> <span class='ocrx_word' id='word_1_166' title='bbox 208 2619 267 2684; x_wconf 90' lang='lat' dir='ltr'>das</span> <span class='ocrx_word' id='word_1_167' title='bbox 292 2619 437 2704; x_wconf 83' lang='lat' dir='ltr'>erlangte</span> <span class='ocrx_word' id='word_1_168' title='bbox 459 2621 652 2686; x_wconf 86' lang='lat' dir='ltr'>kaiscrliche</span> <span class='ocrx_word' id='word_1_169' title='bbox 676 2621 820 2699; x_wconf 86' lang='lat' dir='ltr'>mandat,</span> <span class='ocrx_word' id='word_1_170' title='bbox 843 2619 910 2684; x_wconf 92' lang='lat' dir='ltr'>und</span> <span class='ocrx_word' id='word_1_171' title='bbox 934 2620 1017 2684; x_wconf 91' lang='lat' dir='ltr'>bitte</span> <span class='ocrx_word' id='word_1_172' title='bbox 1041 2618 1112 2698; x_wconf 94' lang='lat' dir='ltr'>ihn,</span> <span class='ocrx_word' id='word_1_173' title='bbox 1143 2619 1195 2683; x_wconf 91' lang='lat' dir='ltr'>die</span> <span class='ocrx_word' id='word_1_174' title='bbox 1218 2640 1287 2684; x_wconf 83' lang='lat' dir='ltr'>ver·</span> 
     </span>
     <span class='ocr_line' id='line_1_23' title="bbox 116 2723 1288 2809; baseline -0.003 -18"><span class='ocrx_word' id='word_1_175' title='bbox 116 2725 439 2809; x_wconf 82' lang='lat' dir='ltr'>theidigungsschrift</span> <span class='ocrx_word' id='word_1_176' title='bbox 454 2726 512 2791; x_wconf 83' lang='lat' dir='ltr'>der</span> <span class='ocrx_word' id='word_1_177' title='bbox 527 2727 657 2792; x_wconf 88' lang='lat' dir='ltr'>Pariser</span> <span class='ocrx_word' id='word_1_178' title='bbox 681 2724 822 2790; x_wconf 82' lang='lat' dir='ltr'>fahult&#39;at</span> <span class='ocrx_word' id='word_1_179' title='bbox 844 2746 882 2788; x_wconf 90' lang='lat' dir='ltr'>zu</span> <span class='ocrx_word' id='word_1_180' title='bbox 905 2724 1119 2790; x_wconf 88' lang='lat' dir='ltr'>iiberreichen</span> <span class='ocrx_word' id='word_1_181' title='bbox 1142 2723 1208 2787; x_wconf 92' lang='lat' dir='ltr'>und</span> <span class='ocrx_word' id='word_1_182' title='bbox 1232 2723 1288 2788; x_wconf 90' lang='lat' dir='ltr'>bei</span> 
     </span>
     <span class='ocr_line' id='line_1_24' title="bbox 115 2818 1381 2915; baseline -0.003 -20"><span class='ocrx_word' id='word_1_183' title='bbox 115 2831 169 2895; x_wconf 90' lang='lat' dir='ltr'>ihr</span> <span class='ocrx_word' id='word_1_184' title='bbox 192 2854 292 2897; x_wconf 86' lang='lat' dir='ltr'>warm</span> <span class='ocrx_word' id='word_1_185' title='bbox 315 2855 354 2897; x_wconf 88' lang='lat' dir='ltr'>zu</span> <span class='ocrx_word' id='word_1_186' title='bbox 378 2833 489 2897; x_wconf 88' lang='lat' dir='ltr'>seinen</span> <span class='ocrx_word' id='word_1_187' title='bbox 513 2840 650 2915; x_wconf 83' lang='lat' dir='ltr'>gunsten</span> <span class='ocrx_word' id='word_1_188' title='bbox 673 2855 712 2897; x_wconf 85' lang='lat' dir='ltr'>zu</span> <span class='ocrx_word' id='word_1_189' title='bbox 737 2829 906 2913; x_wconf 89' lang='lat' dir='ltr'>sprechcn.</span> <span class='ocrx_word' id='word_1_190' title='bbox 955 2830 1003 2893; x_wconf 83' lang='lat' dir='ltr'>Ex</span> <span class='ocrx_word' id='word_1_191' title='bbox 1020 2827 1220 2911; x_wconf 81' lang='lat' dir='ltr'>Stutgardia,</span> <span class='ocrx_word' id='word_1_192' title='bbox 1244 2827 1287 2892; x_wconf 94' lang='lat' dir='ltr'>ad</span> <span class='ocrx_word' id='word_1_193' title='bbox 1377 2818 1381 2824; x_wconf 57' lang='grc'>’</span> 
     </span>
    </p>
   </div>
   <div class='ocr_carea' id='block_1_3' title="bbox 125 2936 1288 3117">
    <p class='ocr_par' dir='ltr' id='par_1_3' title="bbox 125 2936 1288 3117">
     <span class='ocr_line' id='line_1_25' title="bbox 125 2936 789 3022; baseline 0 -22"><span class='ocrx_word' id='word_1_194' title='bbox 125 2936 257 3002; x_wconf 90' lang='lat' dir='ltr'>circiter</span> <span class='ocrx_word' id='word_1_195' title='bbox 279 2937 362 3021; x_wconf 89' lang='lat' dir='ltr'>prid.</span> <span class='ocrx_word' id='word_1_196' title='bbox 386 2937 449 3002; x_wconf 88' lang='lat' dir='ltr'>hal.</span> <span class='ocrx_word' id='word_1_197' title='bbox 474 2938 561 3022; x_wconf 83' lang='lat' dir='ltr'>Sept.</span> <span class='ocrx_word' id='word_1_198' title='bbox 585 2959 670 3003; x_wconf 90' lang='lat' dir='ltr'>anno</span> <span class='ocrx_word' id='word_1_199' title='bbox 696 2941 789 3001; x_wconf 84' lang='lat'>1513.</span> 
     </span>
     <span class='ocr_line' id='line_1_26' title="bbox 207 3042 1288 3117; baseline -0.006 -12"><span class='ocrx_word' id='word_1_200' title='bbox 207 3045 369 3105; x_wconf 80' lang='lat' dir='ltr'>Gedruclrt:</span> <span class='ocrx_word' id='word_1_201' title='bbox 390 3048 496 3106; x_wconf 88' lang='lat' dir='ltr'>1=J.</span> <span class='ocrx_word' id='word_1_202' title='bbox 507 3066 533 3108; x_wconf 88' lang='lat' dir='ltr'>v.</span> <span class='ocrx_word' id='word_1_203' title='bbox 544 3065 569 3106; x_wconf 88' lang='lat' dir='ltr'>e.</span> <span class='ocrx_word' id='word_1_204' title='bbox 589 3043 626 3106; x_wconf 79' lang='lat' dir='ltr'>ub</span> <span class='ocrx_word' id='word_1_205' title='bbox 643 3047 721 3106; x_wconf 85' lang='lat' dir='ltr'>hisv.</span> <span class='ocrx_word' id='word_1_206' title='bbox 736 3049 786 3117; x_wconf 65' lang='lat'>3³3</span> <span class='ocrx_word' id='word_1_207' title='bbox 805 3043 1004 3115; x_wconf 70' lang='lat' dir='ltr'>2=Bulaeus</span> <span class='ocrx_word' id='word_1_208' title='bbox 1016 3042 1288 3100; x_wconf 84' lang='lat' dir='ltr'>historiauniversi-</span> 
     </span>
    </p>
   </div>
   <div class='ocr_carea' id='block_1_4' title="bbox 116 3145 1292 3333">
    <p class='ocr_par' dir='ltr' id='par_1_4' title="bbox 116 3145 1292 3333">
     <span class='ocr_line' id='line_1_27' title="bbox 116 3145 1292 3226; baseline -0.005 -16"><span class='ocrx_word' id='word_1_209' title='bbox 116 3153 426 3226; x_wconf 86' lang='lat' dir='ltr'>tatisParisiensisVl,</span> <span class='ocrx_word' id='word_1_210' title='bbox 443 3171 471 3226; x_wconf 92' lang='lat' dir='ltr'>p.</span> <span class='ocrx_word' id='word_1_211' title='bbox 491 3156 528 3212; x_wconf 88' lang='grc'>61</span> <span class='ocrx_word' id='word_1_212' title='bbox 548 3152 592 3212; x_wconf 91' lang='lat' dir='ltr'>bis</span> <span class='ocrx_word' id='word_1_213' title='bbox 610 3157 666 3225; x_wconf 81' lang='lat'>633</span> <span class='ocrx_word' id='word_1_214' title='bbox 685 3149 962 3222; x_wconf 87' lang='lat' dir='ltr'>3=Herminjard,</span> <span class='ocrx_word' id='word_1_215' title='bbox 979 3145 1226 3221; x_wconf 74' lang='lat' dir='ltr'>correspondente</span> <span class='ocrx_word' id='word_1_216' title='bbox 1241 3145 1292 3205; x_wconf 90' lang='lat' dir='ltr'>des</span> 
     </span>
     <span class='ocr_line' id='line_1_28' title="bbox 117 3248 1218 3333; baseline -0.004 -18"><span class='ocrx_word' id='word_1_217' title='bbox 117 3248 326 3316; x_wconf 76' lang='lat' dir='ltr'>reformaturus</span> <span class='ocrx_word' id='word_1_218' title='bbox 343 3257 414 3316; x_wconf 90' lang='lat' dir='ltr'>dans</span> <span class='ocrx_word' id='word_1_219' title='bbox 431 3259 472 3316; x_wconf 90' lang='lat' dir='ltr'>les</span> <span class='ocrx_word' id='word_1_220' title='bbox 488 3275 558 3333; x_wconf 85' lang='lat' dir='ltr'>pays</span> <span class='ocrx_word' id='word_1_221' title='bbox 574 3258 611 3318; x_wconf 89' lang='grc'>110</span> <span class='ocrx_word' id='word_1_222' title='bbox 625 3259 730 3332; x_wconf 82' lang='lat' dir='ltr'>langue</span> <span class='ocrx_word' id='word_1_223' title='bbox 746 3255 889 3332; x_wconf 76' lang='lat' dir='ltr'>iranqaise</span> <span class='ocrx_word' id='word_1_224' title='bbox 904 3256 928 3328; x_wconf 87' lang='grc' dir='ltr'>Ι,</span> <span class='ocrx_word' id='word_1_225' title='bbox 946 3251 1061 3330; x_wconf 88' lang='grc'><strong>(1866)</strong></span> <span class='ocrx_word' id='word_1_226' title='bbox 1078 3270 1100 3312; x_wconf 94' lang='grc'><strong>5.</strong></span> <span class='ocrx_word' id='word_1_227' title='bbox 1119 3255 1148 3312; x_wconf 91' lang='grc'>9.</span> <span class='ocrx_word' id='word_1_228' title='bbox 1169 3253 1218 3312; x_wconf 89' lang='lat'>15.</span> 
     </span>
    </p>
   </div>
   <div class='ocr_carea' id='block_1_5' title="bbox 196 3433 1258 3594">
    <p class='ocr_par' dir='ltr' id='par_1_5' title="bbox 196 3433 1258 3594">
     <span class='ocr_line' id='line_1_29' title="bbox 632 3433 787 3508; baseline -0.019 0"><span class='ocrx_word' id='word_1_229' title='bbox 632 3433 787 3508; x_wconf 80' lang='lat' dir='ltr'>CLXXII.</span> 
     </span>
     <span class='ocr_line' id='line_1_30' title="bbox 196 3527 1258 3594; baseline -0.001 -16"><span class='ocrx_word' id='word_1_230' title='bbox 196 3531 284 3579; x_wconf 71' lang='lat' dir='ltr'>suasu</span> <span class='ocrx_word' id='word_1_231' title='bbox 1050 3527 1158 3594; x_wconf 69' lang='lat' dir='ltr'>esopi.</span> <span class='ocrx_word' id='word_1_232' title='bbox 1182 3529 1258 3577; x_wconf 81' lang='lat'><strong>1513.</strong></span> 
     </span>
    </p>
   </div>
   <div class='ocr_carea' id='block_1_6' title="bbox 120 3615 1295 3717">
    <p class='ocr_par' dir='ltr' id='par_1_6' title="bbox 120 3615 1295 3717">
     <span class='ocr_line' id='line_1_31' title="bbox 120 3615 1295 3717; baseline -0.004 -24"><span class='ocrx_word' id='word_1_233' title='bbox 120 3618 291 3693; x_wconf 64' lang='lat' dir='ltr'>&lt;lacobus</span> <span class='ocrx_word' id='word_1_234' title='bbox 310 3619 563 3692; x_wconf 86' lang='lat' dir='ltr'>Hochstraten</span> <span class='ocrx_word' id='word_1_235' title='bbox 581 3618 777 3717; x_wconf 90' lang='lat' dir='ltr'>inquisitor</span> <span class='ocrx_word' id='word_1_236' title='bbox 796 3615 1025 3692; x_wconf 79' lang='lat' dir='ltr'>Coloniensis</span> <span class='ocrx_word' id='word_1_237' title='bbox 1045 3643 1094 3690; x_wconf 86' lang='lat' dir='ltr'>an</span> <span class='ocrx_word' id='word_1_238' title='bbox 1112 3615 1295 3690; x_wconf 87' lang='lat' dir='ltr'>Reuohlin</span> 
     </span>
    </p>
   </div>
   <div class='ocr_carea' id='block_1_7' title="bbox 118 3760 1296 4061">
    <p class='ocr_par' dir='ltr' id='par_1_7' title="bbox 118 3760 1296 4061">
     <span class='ocr_line' id='line_1_32' title="bbox 118 3760 1296 3869; baseline -0.006 -38"><span class='ocrx_word' id='word_1_239' title='bbox 118 3765 213 3831; x_wconf 90' lang='lat' dir='ltr'>citirt</span> <span class='ocrx_word' id='word_1_240' title='bbox 240 3765 305 3846; x_wconf 91' lang='lat' dir='ltr'>ihn,</span> <span class='ocrx_word' id='word_1_241' title='bbox 328 3771 365 3832; x_wconf 92' lang='lat' dir='ltr'>ut</span> <span class='ocrx_word' id='word_1_242' title='bbox 388 3767 431 3832; x_wconf 89' lang='lat' dir='ltr'>ad</span> <span class='ocrx_word' id='word_1_243' title='bbox 456 3766 541 3831; x_wconf 88' lang='lat' dir='ltr'>diem</span> <span class='ocrx_word' id='word_1_244' title='bbox 565 3772 691 3869; x_wconf 80' lang='lat' dir='ltr'>sextum</span> <span class='ocrx_word' id='word_1_245' title='bbox 716 3764 861 3849; x_wconf 87' lang='lat' dir='ltr'>proxime</span> <span class='ocrx_word' id='word_1_246' title='bbox 884 3770 958 3849; x_wconf 88' lang='lat' dir='ltr'>post</span> <span class='ocrx_word' id='word_1_247' title='bbox 982 3762 1139 3848; x_wconf 90' lang='lat' dir='ltr'>ejusmodi</span> <span class='ocrx_word' id='word_1_248' title='bbox 1170 3760 1296 3826; x_wconf 88' lang='lat' dir='ltr'>citatio·</span> 
     </span>
     <span class='ocr_line' id='line_1_33' title="bbox 119 3871 864 3958; baseline -0.003 -22"><span class='ocrx_word' id='word_1_249' title='bbox 119 3871 173 3936; x_wconf 88' lang='lat' dir='ltr'>nis</span> <span class='ocrx_word' id='word_1_250' title='bbox 205 3872 428 3939; x_wconf 85' lang='lat' dir='ltr'>executionem</span> <span class='ocrx_word' id='word_1_251' title='bbox 453 3878 658 3958; x_wconf 86' lang='lat' dir='ltr'>compareret</span> <span class='ocrx_word' id='word_1_252' title='bbox 682 3871 864 3954; x_wconf 85' lang='lat' dir='ltr'>Moguntiae.</span> 
     </span>
     <span class='ocr_line' id='line_1_34' title="bbox 216 3975 1191 4061; baseline -0.007 -21"><span class='ocrx_word' id='word_1_253' title='bbox 216 3983 279 4056; x_wconf 79' lang='lat' dir='ltr'>Vgl.</span> <span class='ocrx_word' id='word_1_254' title='bbox 297 3989 362 4043; x_wconf 87' lang='lat' dir='ltr'>acta</span> <span class='ocrx_word' id='word_1_255' title='bbox 375 3984 550 4056; x_wconf 88' lang='lat' dir='ltr'>judiciorum</span> <span class='ocrx_word' id='word_1_256' title='bbox 566 3982 636 4061; x_wconf 82' lang='lat' dir='ltr'>(vgl.</span> <span class='ocrx_word' id='word_1_257' title='bbox 653 3982 784 4054; x_wconf 79' lang='lat' dir='ltr'>Boomng</span> <span class='ocrx_word' id='word_1_258' title='bbox 799 3979 893 4055; x_wconf 88' lang='lat' dir='ltr'>suppl.</span> <span class='ocrx_word' id='word_1_259' title='bbox 910 3977 947 4052; x_wconf 88' lang='grc' dir='ltr'>Π,</span> <span class='ocrx_word' id='word_1_260' title='bbox 964 3993 987 4037; x_wconf 90' lang='lat' dir='ltr'>s.</span> <span class='ocrx_word' id='word_1_261' title='bbox 1007 3975 1085 4050; x_wconf 90' lang='grc'><strong>100)</strong></span> <span class='ocrx_word' id='word_1_262' title='bbox 1102 3975 1127 4033; x_wconf 85' lang='grc' dir='ltr'><strong>Α</strong></span> <span class='ocrx_word' id='word_1_263' title='bbox 1145 3978 1191 4034; x_wconf 68' lang='lat'>2³.</span> 
     </span>
    </p>
   </div>
   <div class='ocr_carea' id='block_1_8' title="bbox 120 4112 1300 4423">
    <p class='ocr_par' dir='ltr' id='par_1_8' title="bbox 120 4112 1300 4423">
     <span class='ocr_line' id='line_1_35' title="bbox 120 4112 1297 4238; baseline -0.008 -15"><span class='ocrx_word' id='word_1_264' title='bbox 120 4171 178 4223; x_wconf 90' lang='lat' dir='ltr'>und</span> <span class='ocrx_word' id='word_1_265' title='bbox 197 4171 411 4238; x_wconf 82' lang='lat' dir='ltr'>gelehrtenleben</span> <span class='ocrx_word' id='word_1_266' title='bbox 430 4173 466 4224; x_wconf 90' lang='lat' dir='ltr'>im</span> <span class='ocrx_word' id='word_1_267' title='bbox 485 4190 525 4224; x_wconf 83' lang='lat' dir='ltr'>zu.</span> <span class='ocrx_word' id='word_1_268' title='bbox 546 4172 591 4224; x_wconf 89' lang='lat' dir='ltr'>der</span> <span class='ocrx_word' id='word_1_269' title='bbox 609 4172 665 4234; x_wconf 72' lang='lat' dir='ltr'>ref,</span> <span class='ocrx_word' id='word_1_270' title='bbox 683 4112 815 4234; x_wconf 62' lang='lat' dir='ltr'>Ehlangeu</span> <span class='ocrx_word' id='word_1_271' title='bbox 838 4168 916 4229; x_wconf 86' lang='grc'><strong>1366,</strong></span> <span class='ocrx_word' id='word_1_272' title='bbox 941 4183 962 4216; x_wconf 91' lang='lat' dir='ltr'>s.</span> <span class='ocrx_word' id='word_1_273' title='bbox 982 4167 1016 4216; x_wconf 82' lang='lat'>95</span> <span class='ocrx_word' id='word_1_274' title='bbox 1036 4165 1077 4215; x_wconf 88' lang='lat' dir='ltr'>bis</span> <span class='ocrx_word' id='word_1_275' title='bbox 1102 4167 1160 4228; x_wconf 77' lang='lat'>128,</span> <span class='ocrx_word' id='word_1_276' title='bbox 1180 4167 1228 4214; x_wconf 86' lang='grc'>371</span> <span class='ocrx_word' id='word_1_277' title='bbox 1257 4163 1297 4214; x_wconf 86' lang='lat' dir='ltr'>bis</span> 
     </span>
     <span class='ocr_line' id='line_1_36' title="bbox 121 4263 184 4312; baseline -0.032 0"><span class='ocrx_word' id='word_1_278' title='bbox 121 4263 184 4312; x_wconf 82' lang='grc'><strong>335.</strong></span> 
     </span>
     <span class='ocr_line' id='line_1_37' title="bbox 198 4333 1300 4423; baseline -0.006 -27"><span class='ocrx_word' id='word_1_279' title='bbox 198 4352 207 4396; x_wconf 90' lang='grc'>1</span> <span class='ocrx_word' id='word_1_280' title='bbox 231 4333 303 4399; x_wconf 73' lang='lat' dir='ltr'>liber</span> <span class='ocrx_word' id='word_1_281' title='bbox 328 4347 370 4398; x_wconf 89' lang='lat' dir='ltr'>dis</span> <span class='ocrx_word' id='word_1_282' title='bbox 395 4348 452 4400; x_wconf 87' lang='lat' dir='ltr'>hier</span> <span class='ocrx_word' id='word_1_283' title='bbox 482 4355 631 4419; x_wconf 81' lang='lat' dir='ltr'>genennten</span> <span class='ocrx_word' id='word_1_284' title='bbox 659 4361 786 4423; x_wconf 77' lang='lat' dir='ltr'>persensu</span> <span class='ocrx_word' id='word_1_285' title='bbox 818 4344 872 4414; x_wconf 76' lang='lat' dir='ltr'>vgl.</span> <span class='ocrx_word' id='word_1_286' title='bbox 899 4342 1066 4412; x_wconf 79' lang='lat' dir='ltr'>Hermiujurd</span> <span class='ocrx_word' id='word_1_287' title='bbox 1095 4357 1118 4395; x_wconf 84' lang='lat' dir='ltr'>a.</span> <span class='ocrx_word' id='word_1_288' title='bbox 1145 4357 1168 4395; x_wconf 66' lang='lat' dir='ltr'>aa</span> <span class='ocrx_word' id='word_1_289' title='bbox 1193 4359 1216 4396; x_wconf 89' lang='grc'>0.</span> <span class='ocrx_word' id='word_1_290' title='bbox 1246 4339 1300 4390; x_wconf 90' lang='lat' dir='ltr'>und</span> 
     </span>
    </p>
   </div>
   <div class='ocr_carea' id='block_1_9' title="bbox 118 4435 380 4509">
    <p class='ocr_par' dir='ltr' id='par_1_9' title="bbox 118 4435 380 4509">
     <span class='ocr_line' id='line_1_38' title="bbox 118 4435 380 4509; baseline -0.019 -20"><span class='ocrx_word' id='word_1_291' title='bbox 118 4435 296 4509; x_wconf 65' lang='grc' dir='ltr'><strong>1111υο111115.</strong></span> <span class='ocrx_word' id='word_1_292' title='bbox 317 4437 332 4491; x_wconf 83' lang='grc'>9</span> <span class='ocrx_word' id='word_1_293' title='bbox 354 4437 380 4499; x_wconf 74' lang='lat' dir='ltr'>ff.</span> 
     </span>
    </p>
   </div>
   <div class='ocr_carea' id='block_1_10' title="bbox 0 0 1413 4980">
    <p class='ocr_par' dir='ltr' id='par_1_10' title="bbox 0 0 1413 4980">
     <span class='ocr_line' id='line_1_39' title="bbox 0 0 1413 4980; baseline 0 0"><span class='ocrx_word' id='word_1_294' title='bbox 0 0 1413 4980; x_wconf 95' lang='lat' dir='ltr'> </span> 
     </span>
    </p>
   </div>
  </div>
 </body>
</html>
