2798 4980
700 299 745 363 40

141 495 255 567 terem,
270 494 338 555 tam
354 490 544 555 monachica
567 487 839 556 carthusiensium
854 491 921 556 vitu
942 511 1038 574 quam
1055 489 1197 557 editione
1213 489 1315 556 libro-

141 617 213 661 rum
236 596 402 678 insignem,
433 602 532 679 atque
556 595 697 678 primum
720 595 812 678 cujus
835 594 947 661 ferulae
969 616 1085 662 manus
1108 595 1314 662 subdiderim

141 699 174 763 iu
203 700 464 764 exercitamentis
495 698 740 764 humanioribus
769 699 996 766 instituendus.
1042 701 1137 767 Addo
1168 704 1178 741 ¹
1202 701 1312 767 adhuc

142 810 177 868 et
199 805 368 888 utriusque
394 805 478 888 juris
502 802 776 869 consultissimum
801 810 834 869 et
856 805 1061 888 politioribus
1084 806 1189 873 literis
1216 828 1314 872 orna·

141 909 302 975 tissimum
327 911 429 975 virum
453 910 588 993 antiqua
602 908 680 972 mihi
696 908 901 974 observatum
919 911 1062 975 amicitia
1081 911 1314 979 Sebastianum

142 1015 245 1079 Brant
280 1015 547 1098 Argentinensem
584 1020 617 1078 et
651 1013 729 1078 item
759 1013 885 1096 iugenio
918 1021 1126 1098 praestantem
1160 1022 1193 1081 et
1227 1016 1313 1083 miro

142 1119 368 1186 characterum
393 1102 538 1184 'artificio
568 1117 706 1183 nobilem
742 1138 780 1182 ac
808 1118 904 1184 variis
934 1119 1111 1204 disciplinis
1146 1120 1315 1187 eruditum

143 1225 302 1290 Joaunem
335 1221 604 1289 amorbacchium
629 1224 650 1301 ²,
680 1229 836 1308 utrosque
859 1223 892 1289 in
915 1223 1079 1291 hominnm
1109 1225 1316 1293 doctissimo·

144 1351 216 1394 rum
228 1328 376 1393 literaria
389 1327 557 1411 republica
569 1327 775 1406 clarissimos,
802 1335 838 1393 ut
851 1329 976 1395 nescias
992 1330 1119 1396 lemane
1136 1336 1316 1414 gestorum,

128 1446 186 1521 fan
210 1433 340 1499 civitate
363 1434 566 1499 illustriores.
614 1431 695 1498 Sunt
718 1435 802 1497 enim
818 1455 880 1499 non
897 1434 1050 1500 mediocri
1068 1436 1203 1502 Basileae
1226 1437 1316 1503 inter

15 1524 20 1530 ’
111 1532 286 1613 ‚isummos
308 1540 394 1604 cives
412 1539 545 1605 ³laude.
584 1539 761 1604 'lautorum
784 1535 885 1623 igitur
904 1541 1045 1606 virorum
1065 1548 1172 1608 motus
1188 1542 1316 1627 ingenti

103 1612 109 1655 ¹
144 1643 298 1709 amiciciae
315 1644 455 1724 vinculo,
479 1649 589 1709 tantas
613 1663 711 1708 ausus
734 1664 804 1709 sum
829 1644 982 1710 tenebras
1008 1652 1123 1712 ettam
1141 1647 1317 1719 obfuscata

146 1755 348 1817 sacratorum
380 1751 478 1814 immo
511 1755 709 1815 secretorum
743 1748 914 1815 verborum
949 1750 1085 1818 latibula
1117 1752 1245 1837 ingredi
1281 1759 1317 1820 et

146 1857 239 1940 quasi
262 1855 302 1920 de
326 1855 432 1940 adytis
456 1853 661 1919 oraculorum
684 1859 718 1918 et
733 1854 960 1920 vetustissimae
975 1855 1184 1942 philosophiae
1200 1865 1317 1944 penet-

146 1959 286 2025 tralibus
303 1981 463 2043 exponere
486 1964 598 2025 nostro
621 1959 748 2037 saeculo,
772 1966 927 2044 quantum
952 1961 1044 2025 nohis
1066 1947 1222 2028 memoria
1237 1985 1316 2048 sup·

146 2065 244 2149 petit,
268 2065 420 2130 universe
435 2063 536 2128 ferme
560 2065 698 2144 nomina,
722 2064 839 2149 quibus
856 2067 1013 2148 superiori
1035 2073 1131 2132 aetate
1147 2067 1316 2151 sapientes

146 2170 290 2235 homines
314 2176 347 2236 et
369 2168 571 2235 miraculosis
595 2170 839 2253 operationibus
860 2171 989 2255 praediti
1009 2172 1185 2239 utebantur
1206 2173 1239 2238 iu
1261 2195 1317 2241 sa·

115 2277 224 2356 xoris,
258 2276 324 2341 sive
351 2275 563 2360 pythagorica
584 2275 705 2340 fuerint
739 2282 773 2341 et
803 2276 1016 2343 vetustiorum
1045 2275 1315 2362 pbilosophorum

116 2388 352 2466 xxsacramenta
375 2381 435 2446 sivi
450 2380 661 2446 Hebraeorum
678 2381 967 2466 Chaldaeorumque
991 2381 1133 2448 barbara
1155 2404 1317 2450 memora·

113 2485 230 2565 xenia,
253 2507 311 2551 seu
334 2486 592 2553 Christianorum
615 2486 732 2553 devota
756 2487 915 2572 supplicia
937 2508 1009 2572 quae
1032 2486 1072 2553 de
1095 2488 1225 2555 illorum
1245 2488 1316 2556 ‘lib-

147 2591 193 2657 ris
216 2597 315 2676 atque
338 2591 456 2677 linguis
478 2594 511 2658 in
534 2592 595 2658 hoc
619 2614 716 2676 opere
746 2600 897 2677 prompta
925 2615 1057 2659 cernere
1085 2593 1171 2659 licet.
1217 2594 1316 2673 Quod

148 2697 264 2763 icciros
279 2698 401 2763 nomini
416 2703 472 2763 tuo
497 2696 725 2778 dedicavimus,
749 2698 900 2781 quoniam
924 2719 1018 2763 sacra
1033 2699 1134 2773 sacris
1151 2697 1317 2764 debentur

149 2810 183 2868 et
204 2804 343 2869 maxime
375 2803 559 2869 sacerdotia
582 2804 786 2869 sacerdotum
809 2803 1019 2888 principibus,
1042 2803 1131 2887 quali
1153 2810 1189 2868 tu
1211 2803 1317 2890 digni-

149 2916 217 2976 tate
252 2909 379 2976 caeteris
412 2915 574 2990 antestes,
604 2930 668 2973 non
699 2909 802 2975 solum
825 2908 866 2974 ob
896 2909 1149 2993 magnitudinem
1179 2908 1317 2976 ditionis

148 3022 248 3100 atque
264 3015 429 3099 potentiae,
454 3016 546 3099 cujus
562 3020 599 3079 tu
615 3012 901 3080 cummulatissime
917 3014 1006 3080 dives
1023 3037 1067 3094 es,
1084 3034 1192 3081 verum
1212 3015 1317 3082 etiam

149 3125 284 3204 propter
306 3120 563 3187 iuennarabilem
587 3121 749 3186 variarum
765 3119 935 3193 literarum
958 3120 1118 3204 peritiam,
1142 3120 1234 3205 cujus
1250 3125 1318 3187 tes·

149 3225 192 3291 tis
216 3231 268 3290 est
290 3223 489 3292 bibliotheca
512 3226 527 3266 ⁴
549 3224 607 3290 illa
629 3230 696 3305 tua,
719 3224 976 3309 latinia-gracie
993 3231 1027 3291 et
1041 3225 1203 3293 hebraicis
1225 3225 1319 3294 volu·

729 3401 746 3439 ’l‘

149 3509 222 3557 littra
238 3510 325 3574 1473),
345 3508 421 3558 wirkt
434 3508 474 3558 als
486 3509 608 3575 prediger
619 3509 646 3558 iu
661 3508 738 3559 Basel
751 3509 793 3559 bis
808 3510 882 3569 1478,
901 3509 960 3559 eine
971 3509 1053 3559 kurae
1068 3510 1119 3560 asir
1132 3508 1171 3560 uls
1184 3509 1321 3574 professor

150 3595 195 3647 der
214 3595 347 3663 theologie
365 3596 392 3646 in
405 3597 555 3664 uubingen,
574 3597 614 3649 als
626 3596 748 3664 prodiger
766 3597 792 3646 in
813 3597 879 3646 Bern
898 3597 1031 3658 11111484,
1050 3596 1077 3648 iu
1091 3596 1224 3648 basethis
1240 3599 1320 3659 1487,

148 3685 218 3736 aiebt
231 3684 288 3735 sich
302 3684 370 3735 daun
384 3685 411 3734 in
428 3686 471 3736 ein
488 3685 588 3736 kloster
603 3685 704 3736 curticle
723 3685 775 3735 und
794 3685 865 3734 starb
882 3700 924 3734 am
939 3688 969 3732 12
984 3684 1057 3734 Mtra
1073 3686 1147 3734 1496.
1178 3683 1213 3733 Er
1225 3685 1261 3735 ist
1273 3686 1324 3735 ein

149 3773 325 3826 bedentender
344 3789 436 3837 mann,
460 3773 506 3824 der
525 3775 582 3825 sich
602 3774 704 3826 liberali
722 3774 761 3824 als
780 3772 901 3839 prediger
920 3773 973 3822 und
992 3773 1077 3823 lehrer
1093 3787 1185 3838 grosse
1203 3772 1320 3838 geltung

148 3878 181 3913 su
200 3863 362 3914 verschatlen
383 3871 487 3926 wusste,
506 3862 559 3913 und
579 3865 655 3912 einen
674 3861 861 3926 nachhaltigen
881 3861 988 3910 einfluss
1007 3864 1055 3910 mrt'
1069 3861 1142 3910 seins
1161 3874 1246 3926 genae
1265 3862 1321 3913 seit

149 3952 231 4014 geiiht
248 3951 301 4000 hat.
340 3951 399 4017 Vgl.
421 3950 461 4000 W.
482 3949 603 4012 Viscbcr,
627 3950 716 4015 gesoh.
737 3949 782 4000 der
802 3950 958 3999 [universitas
978 3948 1065 3999 Basel.
1104 3951 1179 3998 1860.
1216 3948 1319 3999 &167

151 4039 192 4091 bis
214 4041 272 4088 165.

223 4132 234 4174 l
256 4126 351 4176 addam
365 4132 387 4178 2.
403 4131 426 4178 3.
478 4133 492 4177 2
512 4112 584 4178 liber
604 4127 708 4178 Amerh.
729 4127 783 4192 vgl.
804 4139 881 4176 nuceo
901 4141 955 4175 nro.
967 4125 1059 4187 XCVI,
1071 4125 1135 4177 liber
1147 4126 1230 4175 Rreut
1249 4125 1321 4178 oben

150 4226 207 4263 nro.
227 4214 320 4264 xbrv.
384 4218 492 4267 taines
512 4233 554 4267 am
573 4216 638 4268 raud
661 4221 684 4266 1.
751 4213 958 4265 lhihliorheca.
989 4211 1351 4278 131111111111111111111111111111ἱ

151 4301 352 4366 hauptsttcblich
372 4305 419 4354 mit
431 4303 547 4354 beibr'ilfe
562 4304 704 4369 Agrikolss
723 4303 869 4370 gegrr'indet
883 4302 935 4351 und
949 4318 998 4351 rou
1012 4301 1141 4350 Reuchlin
1160 4301 1202 4350 bei
1216 4303 1321 4352 scirem

151 4390 315 4441 aulentbelte
335 4392 360 4440 iu
383 4391 543 4457 Heidelberg
565 4392 699 4443 vernaltet
719 4393 818 4453 wurde,
838 4393 872 4441 ist
891 4391 1016 4440 bekannt.
