2798 4980
670 295 736 362 262

121 487 278 575 proximis
309 487 360 554 his
390 486 554 552 mensibus
585 487 618 551 in
647 485 704 551 illa
735 492 794 552 tna
817 505 916 553 causa
938 488 1050 553 actum
1073 480 1184 564 inerit,
1202 478 1268 547 adeo

121 594 244 660 indicat
273 592 432 672 fideliter,
462 599 500 658 ut
523 592 635 677 quanti
667 598 700 657 te
728 591 844 672 iaciat,
880 590 952 676 ipsa
979 611 1040 657 sua
1069 588 1171 656 verba
1198 585 1268 653 haul

121 698 260 766 obscure
283 703 455 764 testentur.
500 698 533 763 Is
555 697 665 763 Rome
694 703 766 763 tota
788 717 890 782 prope
912 701 1039 775 astute,
1068 699 1108 760 ut
1132 690 1267 775 intelligo,

121 823 247 870 moram
272 803 390 883 traxit,
422 803 589 867 literarum
614 809 647 867 et
677 803 709 867 in
733 801 845 886 primis
882 799 1039 867 noscendi
1060 799 1146 886 juris
1174 797 1267 883 grata

122 910 188 978 Sed
210 909 296 975 lite¹
327 907 467 993 quadam
498 907 583 972 inter
606 928 642 973 se
673 913 708 973 et
731 906 842 973 Gallos
863 906 991 991 aliquot
1012 904 1055 971 ob
1079 925 1134 971 res
1155 902 1266 969 Germa

122 1036 237 1080 norum
273 1019 404 1092 exortu,
434 1034 498 1077 uno
532 1011 678 1078 confecto
709 1012 819 1092 Gallo,
857 1011 993 1096 reliquis
1022 1015 1133 1098 autem
1170 1007 1264 1073 misere

123 1119 262 1198 sauciis,
293 1118 471 1183 Bononiam
500 1124 613 1201 petere
644 1124 775 1185 coactus
797 1123 863 1197 est,
893 1116 960 1182 illio
982 1113 1134 1183 fortassis
1163 1109 1263 1179 diutule

121 1245 303 1289 mansurus.
350 1223 478 1301 Quanto
510 1244 585 1288 vero
616 1244 667 1289 me
699 1223 815 1307 gaudio
848 1221 966 1288 afficiat
989 1219 1094 1286 omnis
1114 1217 1171 1285 illa
1196 1217 1263 1283 fana

123 1350 195 1412 quae
219 1327 388 1393 victoriam
412 1329 680 1394 innocentissimae
704 1330 777 1394 vitae
793 1334 857 1394 tuae
880 1333 994 1393 contra
1010 1325 1191 1392 Stoicorum
1203 1324 1263 1389 nos

122 1433 233 1498 simias
256 1432 431 1517 adjudicat,
454 1454 517 1497 non
541 1433 636 1498 facile
660 1433 853 1518 scripserim,
876 1453 915 1498 ac
938 1453 978 1497 ne
994 1430 1129 1497 dixerim
1146 1427 1261 1515 quiden,

121 1539 149 1603 si
173 1559 282 1603 coram
298 1558 416 1603 essem:
440 1539 535 1604 testis
559 1540 643 1603 enirn
667 1560 737 1605 esse
759 1560 892 1623 possum
915 1537 967 1604 vel
989 1535 1260 1622 posteritatique

122 1644 209 1708 niam
234 1643 427 1708 altissimum
458 1642 539 1708 illud
567 1651 696 1709 tuarum
725 1643 946 1709 doctrinarum
977 1641 1085 1707 ocium
1116 1647 1182 1706 tam
1201 1659 1260 1725 pre·

122 1748 215 1833 cipiti
252 1747 473 1813 molestiarum
506 1755 539 1813 et
571 1749 853 1833 perturbationum
894 1748 1019 1833 impetn
1055 1766 1120 1811 non
1155 1745 1261 1829 ιΙίειιιιιι

124 1852 283 1932 extiterit;
312 1872 449 1937 cumque
480 1853 606 1918 doleam
629 1875 776 1938 persaepe
799 1853 839 1918 de
862 1852 988 1934 multis,
1011 1850 1102 1919 istud
1122 1869 1261 1935 nunquam

122 1979 186 2023 non
209 1965 342 2041 gravate
366 1957 435 2037 tuli,
460 1959 545 2043 quod
567 1959 711 2025 homines
734 1959 790 2039 illi,
813 1978 950 2042 quorum
972 1955 1144 2042 stipendiis
1165 1951 1261 2021 invidia

126 2063 255 2142 militat,
278 2069 389 2128 tantas
412 2064 444 2127 in
467 2085 503 2128 re
526 2065 655 2130 tantilla
677 2063 852 2148 tragoedias
875 2063 1051 2142 mouerint,
1081 2067 1119 2128 ut
1140 2080 1191 2127 res
1209 2064 1261 2124 tota

122 2173 173 2232 tot
191 2167 386 2252 judiciorum
410 2190 578 2250 censuras,
606 2189 797 2253 magnorum
825 2169 925 2234 etiam
950 2166 1097 2253 judicum
1120 2184 1261 2242 consensu,

122 2272 323 2337 sustinuerit.
370 2274 519 2369 Imponet
546 2274 595 2339 his
617 2272 714 2340 finem
738 2275 888 2340 Romanae
918 2273 1005 2340 sedis
1033 2272 1207 2351 autoritas,
1226 2272 1261 2335 tot

120 2375 194 2439 ritae
218 2383 281 2440 tue
305 2382 338 2441 et
362 2377 552 2444 eruditionis
576 2379 778 2464 preconibus
802 2379 941 2459 munita,
967 2378 1054 2444 inter
1085 2398 1167 2463 quos
1187 2377 1260 2442 ura·

120 2501 208 2544 mum
230 2479 300 2565 ipse
315 2482 567 2547 Roterodamum
583 2484 665 2549 adeo
688 2484 830 2550 libenter
850 2485 984 2570 accipio,
1005 2489 1044 2550 ιιι
1065 2484 1146 2549 nihil
1170 2479 1259 2565 map's.

119 2584 187 2668 Ego
211 2585 494 2672 quantulacunque
516 2588 664 2654 doctrina
686 2611 724 2655 ac
747 2590 873 2674 ingenio
895 2590 929 2655 id
944 2589 1069 2671 moliar,
1093 2594 1131 2656 ut
1145 2588 1194 2654 vel
1207 2603 1259 2651 rneo

114 2689 237 2775 judicio
276 2691 433 2776 Capnioni
471 2693 620 2758 debuisse
663 2696 825 2761 studiosos
868 2715 980 2761 omnes
1017 2694 1130 2760 futura
1166 2688 1259 2760 sucula

119 2804 305 2880 agnoscant.
363 2798 550 2863 Excudetur
575 2801 643 2884 jam
672 2822 757 2866 nunc
788 2821 883 2867 ame
906 2802 1049 2886 scriptus
1085 2801 1126 2866 de
1154 2798 1259 2886 poetica

117 2901 255 2981 libellus,
277 2904 310 2967 in
335 2924 398 2987 quo
422 2904 660 2969 meritissimum
683 2905 814 2971 laudem
836 2906 885 2971 tui
908 2905 988 2972 locis
1011 2905 1178 2991 oportunis
1195 2903 1259 2968 inse·

118 3008 186 3087 rui,
216 3029 322 3072 meam
351 3009 384 3071 in
408 3016 441 3072 te
473 3008 711 3075 observantiam
740 3011 801 3076 hoc
831 3012 903 3095 ipso
925 3015 1108 3077 testaturus
1130 3011 1196 3096 ejus
1214 3002 1258 3072 libi

118 3113 244 3198 copiam
267 3113 357 3178 brevi
379 3113 505 3178 faciam.
541 3114 621 3180 Vale
642 3122 674 3180 et
690 3117 805 3181 scribe.
843 3117 982 3184 Vienna.
1005 3117 1099 3182 Anno
1124 3109 1257 3182 Maxu.

208 3230 370 3290 Gedruckt:
391 3236 403 3288 1
424 3250 466 3286 =
481 3250 500 3304 y
516 3250 530 3289 z
546 3226 599 3304 iib3
624 3236 641 3291 2
660 3253 702 3289 =
718 3233 840 3293 Hutteui
861 3251 951 3310 opera
971 3234 1018 3294 ed.
1035 3234 1165 3310 Bouking
1182 3225 1255 3292 roll

116 3352 139 3394 s.
160 3338 232 3395 104.

689 3424 707 3462 ’lt

190 3510 201 3554 1
224 3506 291 3574 Lite]
311 3509 374 3558 iiber
394 3511 479 3561 dieses
494 3511 635 3563 abenteuer
647 3513 702 3579 vgl.
715 3512 815 3564 Hutten
834 3529 867 3564 an
881 3513 1031 3566 Gerbsllius
1044 3515 1164 3581 Bologna
1174 3515 1200 3563 31
1213 3506 1255 3560 Juli

117 3593 184 3642 1516
204 3594 314 3645 Hutteni
333 3613 411 3662 opero
430 3599 470 3650 ed.
491 3601 625 3667 Bbcking,
652 3602 703 3652 vol.
723 3605 743 3663 1,
763 3618 783 3651 s.
807 3604 855 3653 105
875 3603 892 3652 f.
930 3602 1016 3654 Unser
1041 3602 1113 3654 brier
1133 3604 1166 3654 ist
1182 3598 1254 3650 selbst-

114 3683 294 3734 verstitndlich
313 3691 401 3752 spttter
420 3689 459 3738 uls
479 3688 530 3738 dor
543 3691 706 3756 nngefiihrte‚
724 3691 750 3740 in
771 3689 829 3741 dem
851 3691 908 3742 sich
928 3692 993 3744 iiber
1009 3690 1140 3743 &noblis
1157 3682 1255 3755 folgenle

113 3770 190 3820 stelle
208 3772 302 3823 findet:
328 3774 360 3824 de
380 3774 523 3842 Capnionis
547 3780 642 3828 summi
663 3780 712 3828 viri
731 3795 811 3830 causa
829 3780 896 3830 bene
921 3786 946 3831 te
965 3795 1071 3847 sperare
1087 3779 1178 3846 jubeo:
1200 3773 1254 3826 ⁸⁸1¹ss

112 3858 140 3907 in
158 3861 296 3924 procinctu
316 3868 371 3913 est:
391 3864 568 3929 Hogostratus
586 3865 803 3933 theologistarum
823 3866 904 3934 alpha
921 3868 1023 3934 ingenti
1043 3867 1154 3920 decocta
1168 3849 1255 3934 peculii*

111 3944 190 4009 (tanti
209 3964 281 4015 spem
300 3965 375 4000 susm
395 3954 468 4022 emit)
492 3953 559 4002 nibil
579 3956 666 4005 effecit
684 3957 782 4021 quiquo
801 3955 864 4006 olim
884 3956 1000 4022 potentis
1019 3956 1102 4007 fretus
1120 3951 1255 4022 susoptlmv

113 4034 210 4100 cuique
223 4038 349 4088 molestus
368 4040 446 4089 facile
469 4042 523 4097 suit.
544 4046 573 4110 τῇ
593 4041 687 4111 κεφαλῇ
705 4042 747 4093 t'ou
767 4039 870 4111 οὐρανὸν
889 4040 1018 4113 ἐξαρᾶσσεν
1037 4041 1164 4114 ἐπιχειρῶν
1177 4043 1254 4093 fructu

111 4122 198 4172 auimo
224 4132 265 4175 est
288 4125 480 4194 destitutusque
506 4130 585 4196 lupus
604 4130 682 4180 hians
705 4131 826 4182 discedit.
862 4132 988 4183 Erasmus
1006 4133 1127 4199 pontifici
1147 4142 1254 4184 comnen-

112 4208 184 4258 dsvit
209 4211 370 4278 capnionern
397 4216 489 4266 literis.
534 4218 607 4267 Duos
640 4221 786 4269 Germanice
809 4220 901 4271 oculos
927 4221 998 4271 omui
1020 4219 1107 4271 studio
1133 4210 1254 4286 amplexui

111 4292 248 4347 debemus:
269 4317 314 4364 per
333 4319 377 4351 eos
398 4305 466 4352 enirn
486 4304 599 4355 barbara
617 4323 675 4356 esse
695 4307 791 4357 desinit
809 4307 866 4358 haec
880 4309 960 4360 natio.
997 4307 1057 4374 vgr.
1076 4309 1144 4360 auch
1160 4308 1254 4358 Huttene

110 4381 192 4432 brieio
213 4401 245 4433 an
267 4390 380 4452 Crocus,
403 4393 426 4454 9,
455 4396 486 4441 22
513 4397 580 4462 Aug.
611 4396 690 4459 1516,
716 4395 836 4463 Biiclting
863 4413 886 4447 a.
907 4412 931 4448 u.
952 4412 975 4447 o.
999 4396 1024 4462 Ι,
1042 4413 1063 4448 s.
1085 4399 1134 4447 tte
1154 4395 1191 4448 bis
1209 4389 1254 4445 125·
