2580 4178
58 47 225 137 ιΙοΙιιιίοιιο
254 48 372 119 titulus
402 51 501 119 etiam
531 52 689 119 mentitur
724 53 904 123 authorem.
951 55 1022 124 Non
1052 55 1136 123 enim
1164 63 1233 125 tam

58 156 198 233 colenda
219 154 364 239 Colonia,
386 162 456 225 tam
472 158 529 243 jus
545 157 728 225 veneranda
742 159 955 242 universitas,
979 163 1037 231 sed
1059 164 1235 249 particula·

57 262 142 333 riteh
173 268 209 331 et
238 262 388 349 quedam
411 264 616 345 inimicorum
645 264 818 350 singularis
850 267 1005 351 colluvio,
1036 270 1233 355 minimaque

57 392 137 457 pars
158 369 300 438 civitatis
322 376 357 437 st
378 390 419 437 aa
439 370 585 437 insanior
607 370 668 437 hoc
690 369 816 443 bainus
838 372 931 451 fecit,
955 379 992 440 ιιι
1024 381 1088 441 tuas
1111 374 1232 441 sancti·

57 476 123 545 tati
136 474 337 543 affirmarent
346 496 418 561 que
429 497 508 542 vera
518 496 583 543 nou
592 483 668 544 suut
685 476 783 563 idque
801 484 915 545 contra
930 478 1139 547 inhibitiones
1154 502 1232 567 apo·

60 570 204 661 stelione,
215 587 250 647 et
264 586 380 649 contra
394 581 584 649 mandatam
594 581 733 649 Caesaris
745 605 868 670 pacem.
895 585 992 650 Vides
1002 586 1100 651 etiarn
1109 591 1233 671 quauta

57 686 225 755 ineiadem
235 680 646 773 literisaudetiatanquam
659 688 849 756 Solonianas
857 689 917 756 tibi
926 690 1014 774 leges
1023 691 1231 775 praescribere

57 792 340 880 fontemqnejuris
352 793 470 860 docere
481 800 679 880 presumant
695 815 760 879 qua
775 781 927 880 oporteat
938 796 1034 862 visin
1045 797 1169 880 judicio
1188 794 1232 863 ad

56 906 174 973 utram
182 906 218 967 et
231 900 431 969 veluntatem
440 922 554 968 eorum
563 899 741 987 procedere
751 908 787 967 ut
795 900 924 968 facilius
937 923 989 968 me
1000 901 1151 968 sordibus
1164 903 1231 968 vin·

57 1012 138 1081 cant
147 1004 244 1092 qnasi
254 1026 317 1072 non
318 1007 389 1090 jam
400 1012 492 1073 certa
498 1011 571 1072 tota
585 1006 687 1104 ferme
695 1007 767 1073 orbi
776 1007 938 1075 habeatur
948 1009 1135 1075 innocentia
1151 1029 1230 1084 mea

61 1144 76 1153 ··
94 1160 97 1165 -
148 1111 243 1181 Unde
254 1111 379 1179 adduci
392 1132 457 1177 non
471 1130 613 1196 possum,
637 1119 675 1179 ut
690 1113 834 1197 suspicer
848 1114 920 1181 istis
936 1114 1081 1181 tetidem
1097 1114 1228 1195 habers,

57 1218 118 1305 qui
139 1217 296 1303 despecta
318 1216 509 1285 inhibitione
524 1217 707 1302 apostolica
729 1225 762 1284 et
777 1220 971 1304 contemptis
994 1220 1139 1286 censuris
1162 1220 1228 1286 tuis

57 1345 133 1411 quae
143 1323 276 1395 ιιιίιιὶιιιι
288 1323 462 1391 observato
473 1324 558 1408 juris
569 1325 702 1391 tramite
717 1324 862 1390 libellum
873 1346 980 1391 meum
995 1324 1053 1391 lite
1065 1326 1227 1411 pendente

55 1430 315 1501 combusserunt.
349 1429 472 1497 Credes
497 1452 573 1497 vero
597 1431 706 1515 potius
728 1430 931 1515 gravioribus
956 1430 1033 1496 viris
1049 1430 1227 1496 Alemaniae

56 1536 223 1623 superiori
252 1536 340 1603 omui
367 1536 554 1620 exceptione
577 1536 755 1622 majoribus
778 1537 865 1621 quod
895 1535 1018 1601 nullum
1041 1537 1229 1602 scandalum

56 1642 164 1729 ροιιιί,
184 1642 309 1709 unllam
330 1642 431 1709 ruina
447 1643 649 1709 occasionem
671 1643 785 1726 paravi
807 1664 917 1709 coram
940 1642 1008 1708 ulla
1030 1642 1125 1727 plebe
1148 1641 1227 1708 Ger-

59 1768 233 1823 manorum
247 1749 305 1834 qui
320 1748 399 1814 mihi
415 1748 560 1834 ejusdem
576 1748 686 1833 lingua
707 1749 862 1815 societate
881 1749 986 1833 juncti
1002 1754 1078 1814 sunt
1105 1748 1139 1813 in
1162 1768 1228 1832 qua

58 1854 172 1941 lingua
204 1855 278 1921 istis
301 1855 407 1938 Belgis
437 1855 549 1939 ignota
580 1853 748 1920 consilium
779 1876 887 1920 meum
910 1854 990 1920 illud
1012 1855 1227 1920 camerarium

60 1980 137 2029 eum
160 1960 259 2046 plana
281 1961 351 2045 ejus
374 1959 595 2025 declaratione
619 1982 682 2025 uno
706 1967 838 2026 context
839 1983 860 2026 u
884 1983 938 2026 cer
940 1967 1055 2040 tute,
1017 1958 1225 2038 utdecebat‚

26 2079 29 2083 '
58 2066 151 2135 edidi
162 2088 201 2133 ac
215 2088 328 2133 secure
339 2065 470 2151 quidem
484 2065 691 2132 crederet
634 2075 691 2150 pot
693 2088 727 2132 es
744 2088 846 2151 eoque
862 2065 994 2146 firmius,
1014 2087 1077 2150 quc
1097 2067 1136 2131 de
1154 2086 1227 2143 mea

57 2173 253 2254 innocentia,
277 2173 411 2257 pietate,
430 2169 504 2251 fide,
531 2173 783 2256 integritateque
799 2193 819 2237 a
836 2171 984 2255 pluribus
1000 2171 1228 2236 illustrissimis

57 2279 294 2347 latissimarum
309 2285 471 2345 terrarum
493 2284 613 2344 nostrae
636 2278 773 2343 nationis
797 2277 1032 2360 regnatoribus‚
1050 2279 1220 2359 magistra·

57 2385 165 2466 tibus,
208 2384 402 2471 populisque
438 2383 673 2449 Germanorum
712 2388 744 2447 et
786 2382 998 2448 sanctissimis
1039 2381 1225 2447 dioecesium

55 2496 245 2559 nostrarum
267 2492 436 2578 episcopis,
460 2489 588 2573 oppidis
605 2495 637 2554 et
652 2481 839 2553 civitatibus
863 2488 962 2553 ferme
987 2487 1125 2552 triennio
1150 2492 1226 2551 ante

55 2619 120 2683 per
141 2598 254 2664 literas
277 2599 464 2682 obsignatas
488 2603 521 2663 et
543 2594 606 2661 fide
622 2595 734 2678 dignas
757 2594 862 2658 factus
887 2615 921 2659 es
945 2593 1073 2658 certior.
1106 2593 1228 2656 Extant

55 2727 159 2790 penes
176 2711 210 2771 te
229 2705 270 2771 ab
286 2705 496 2770 invictissimo
512 2705 728 2768 Romanorum
746 2701 848 2765 electo
864 2699 1064 2783 imperatore
1082 2696 1228 2762 Maximi·

55 2811 147 2878 liano
170 2811 399 2876 Maximoleoni
431 2810 491 2875 tibi
516 2815 549 2874 et
571 2830 591 2873 a
614 2807 883 2874 reverendissimo
907 2804 1065 2870 cardinali
1098 2803 1227 2868 domino

54 2937 133 2989 meo
163 2915 338 2985 Gurcensi¹
364 2937 422 3001 pro
446 2937 520 2981 mea
542 2915 727 2980 innocentia
760 2919 874 2996 terque
906 2917 1086 2997 quaterque
1117 2908 1228 2975 oblata

633 3079 649 3116 >l

133 3199 144 3246 l
165 3193 314 3247 Cardinalis
333 3193 486 3260 Gurcensis]
507 3193 655 3256 Matthaeus,
683 3208 728 3242 scu
749 3192 872 3243 llln-ltbias
893 3191 1017 3256 bangius,
1045 3204 1091 3238 scu
1110 3186 1228 3250 Longius

53 3283 101 3336 vel
120 3283 241 3352 Longus,
268 3285 327 3350 geh.
356 3286 435 3344 1468,
460 3283 540 3332 sebon
570 3285 634 3331 1511
656 3281 778 3331 helmlich
804 3297 854 3330 von
873 3281 963 3330 Julius
984 3280 1008 3328 ll
1033 3293 1090 3326 zum
1111 3272 1227 3324 cardinal

53 3380 177 3437 ernannt,
196 3389 248 3422 von
268 3373 322 3422 Lco
343 3374 365 3421 X
386 3376 419 3422 20
438 3373 503 3422 Nor.
527 3374 592 3420 1513
613 3363 752 3435 hostiitigt,
773 3370 879 3419 bischos
896 3385 946 3418 von
968 3366 1049 3428 Gurk,
1069 3363 1149 3413 daher
1163 3361 1228 3410 Gur·

53 3462 158 3526 censis,
185 3469 329 3512 vertrauter
353 3459 494 3525 rathgober
513 3459 703 3519 blaximilians,
724 3458 772 3507 aul
788 3457 880 3506 dassen
901 3457 1029 3506 ersuclrcn
1050 3469 1077 3501 er
1096 3466 1155 3500 zum
1176 3465 1229 3500 erz-

53 3550 164 3604 bischof
181 3567 231 3601 von
252 3550 384 3615 salzburg
403 3556 513 3598 eruannt
531 3547 626 3608 wunde,
646 3562 697 3596 von
717 3548 807 3596 seinen
827 3546 1009 3610 zeitgeuossen
1031 3541 1132 3590 Pierius
1150 3536 1229 3587 Vale·

53 3641 157 3703 ricinus,
182 3640 225 3690 bei
245 3640 331 3690 seiner
357 3637 517 3688 thailnahme
541 3652 582 3685 arn
610 3636 714 3684 Wiener
746 3635 893 3696 fiirsteutug
916 3633 983 3681 1515
1011 3644 1062 3678 von
1089 3626 1230 3678 Sebastian

54 3725 179 3778 Winderl
200 3727 255 3793 (dia
275 3727 335 3778 rede
354 3726 498 3776 besonders
516 3724 658 3790 gedrucht‚
685 3723 760 3772 Wien
784 3723 858 3772 1515.
878 3722 893 3770 6
912 3719 959 3771 bll.
980 3720 1007 3768 in
1026 3721 1065 3780 4⁰)
1090 3717 1115 3763 in
1136 3729 1227 3780 prosn3

52 3832 109 3868 ron
128 3816 284 3867 Franciscus
307 3816 409 3877 vitalis,
426 3815 564 3864 «lohannes
578 3814 732 3862 Pinicianus
752 3812 778 3860 in
791 3825 883 3859 vcrscn
897 3808 1043 3873 gepriesen,
1063 3808 1110 3853 mit
1126 3810 1227 3853 arntcrn

51 3905 110 3957 und
130 3905 235 3955 wiirden
256 3905 406 3964 iiberhiinft,
425 3902 497 3952 star-b
524 3903 550 3950 in
571 3902 698 3967 Salnburg
729 3901 807 3959 1540,
828 3902 860 3949 30
885 3897 968 3947 llari.
1006 3892 1142 3946 Ciucounii
1167 3892 1227 3940 vitae

50 3994 208 4063 pontificum
229 3995 273 4055 ΙΙΙ,
291 3994 350 4044 coll.
372 3994 422 4042 299
443 3993 482 4043 bis
503 3993 562 4040 305.

82 4093 224 4137 Rouelrlin
996 4060 1030 4119 18
