2798 4980
617 283 682 348 353

65 472 206 537 Galliam
230 472 501 556 Germaniamque
524 473 706 556 peragravi3
735 494 756 538 a
778 493 902 540 summo
926 473 1106 539 animarum
1129 472 1234 558 ponti·

64 576 126 643 tice
151 577 192 642 ad
215 599 375 642 summurn
400 577 510 642 muudi
534 577 711 658 dominum3
735 577 892 643 Romaiu
917 577 1092 664 Sequanos.

157 682 220 748 Sed
242 689 311 746 tum
332 682 409 767 quid
431 682 471 747 de
492 681 597 749 literis
617 682 652 748 in
672 683 779 748 medio
796 685 984 750 armornm?
1007 683 1047 750 de
1063 683 1185 750 Phoebo
1200 684 1234 749 iu

64 793 178 854 ventre
202 788 340 853 Martis?
370 787 411 852 de
434 788 590 854 Helicone
613 789 645 854 iu
669 791 806 854 castris?
844 790 918 855 Dixi
941 789 1071 876 quidem
1100 810 1233 856 causam

64 900 170 972 tuam,
193 893 242 956 uti
258 892 403 957 Venetiis
420 913 529 958 coram
546 895 677 978 egimus,
701 895 781 959 ἀλλὰ
802 897 832 958 τί
853 896 918 970 ὄνος
940 896 1011 986 πρὸς
1030 896 1137 984 lipsa
1160 893 1233 961 Non

65 997 155 1065 defui
171 998 247 1082 quiu
269 1019 336 1061 rem
362 1018 487 1064 omnem
510 999 554 1064 ad
575 1001 731 1085 quosdam
754 1001 852 1066 etiam
877 1001 990 1068 doctos
1011 1000 1154 1068 delerem
1175 1000 1231 1087 qui

64 1103 128 1169 sibi
143 1111 211 1168 tum
228 1102 423 1169 videbantur
438 1103 594 1170 columne
611 1127 696 1186 esse,
720 1105 778 1170 sed
803 1106 890 1172 nosti
905 1106 1128 1172 Germaniam:
1153 1127 1232 1171 nun·

64 1231 162 1294 quam
187 1209 284 1274 desiit
309 1231 379 1274 esse
404 1209 503 1287 rudis.
543 1211 588 1276 Mi
612 1211 702 1291 Alde,
727 1212 839 1295 paucis
855 1211 952 1277 habe:
976 1232 1040 1277 non
1063 1232 1173 1278 sumus
1197 1216 1231 1275 te

64 1312 161 1397 digni.
200 1315 314 1399 Neque
337 1321 444 1380 tamen
477 1324 526 1382 est
548 1317 675 1384 animus
703 1317 855 1402 deinceps
889 1318 1065 1402 anegocio
1092 1336 1231 1395 cessare,

64 1442 139 1485 cum
156 1420 265 1486 videro
282 1422 438 1504 temporis
454 1423 742 1506 opportunitatem.
766 1423 839 1488 dam
857 1424 941 1489 enim
957 1444 1015 1488 rex
1030 1423 1134 1507 majus
1150 1442 1231 1506 opus

36 1550 41 1562 ·
63 1533 181 1605 movet,
192 1525 341 1609 ignobilis
352 1527 519 1610 cujusdam
530 1528 614 1611 vulgi
627 1527 727 1594 fluctu
740 1529 832 1613 quasi
844 1528 1022 1593 decumano
1034 1526 1201 1593 obruimur
1210 1528 1229 1590 ¹.

154 1632 201 1696 De
232 1630 350 1696 libellis
380 1631 423 1696 ad
454 1654 504 1698 me
529 1616 641 1700 'missis
666 1634 679 1672 ²
709 1633 813 1700 habeo
844 1633 904 1699 tibi
935 1633 1100 1699 relaturus
1131 1631 1229 1697 etiem

55 1744 174 1819 vgratas
198 1737 336 1820 gratias,
359 1737 418 1802 sed
440 1739 495 1822 qui
519 1739 663 1823 quotidie
688 1761 746 1824 pro
770 1738 1031 1805 incumbentibus
1055 1737 1120 1803 tuis
1143 1736 1229 1802 curis

62 1841 167 1907 multa
196 1856 306 1907 versas
336 1843 457 1922 animo,
494 1850 582 1910 certe
613 1844 736 1910 oblitus
766 1865 800 1910 es
830 1844 1015 1911 defectuum
1044 1827 1229 1910 Aristotelis
1270 1848 1275 1857 ’

62 1949 95 2012 in
127 1948 241 2013 ultimo
270 1948 430 2014 volumine
462 1971 542 2033 quos
574 1955 610 2015 tu
640 1949 719 2014 mihi
748 1950 900 2034 supplere
930 1951 1142 2035 promiseras;
1172 1966 1228 2013 eos

62 2079 121 2123 oro
144 2061 177 2121 te
197 2048 403 2120 vehementer
426 2053 609 2140 bibliopola
630 2055 704 2121 huic
725 2063 936 2139 cognomento
953 2053 1077 2122 Remo³
1098 2051 1227 2132 tradas;

61 2161 213 2248 equidem
241 2182 390 2226 mancum
414 2168 448 2225 et
476 2181 613 2244 egenum
636 2161 799 2245 impendio
828 2182 899 2227 meo
923 2182 996 2227 cnm
1020 2161 1145 2243 integro
1169 2177 1227 2223 suo

61 2268 263 2334 commutavi.
304 2267 410 2351 thue
426 2267 644 2332 reminiscaris
659 2267 714 2351 qni
730 2268 796 2332 sint
811 2266 964 2346 defectus,
980 2263 1229 2349 chirographum

61 2383 154 2439 tuum
170 2372 245 2438 huic
261 2372 405 2454 epistolae
421 2371 555 2455 adjunxi
564 2373 586 2436 ⁴.
619 2373 666 2438 Tu
688 2394 739 2437 me
761 2393 859 2457 quam
880 2371 1229 2438 commendatissimum

60 2478 184 2543 habeas
201 2484 234 2543 et
250 2476 359 2542 valeas
381 2477 520 2542 feliciter
539 2486 626 2561 opto.
665 2479 713 2542 Ex
729 2477 956 2562 Heydelberga
971 2477 1110 2545 Palatini
1126 2475 1229 2542 Rheni

62 2590 81 2647 9
99 2583 162 2647 kal.
181 2585 282 2668 majas
299 2583 387 2664 (nam
403 2589 467 2647 tuae
484 2583 592 2647 adme
609 2588 768 2648 venerunt
791 2590 808 2647 7
825 2581 889 2648 kal.
905 2605 973 2666 apr.
990 2582 1003 2622 ⁵
1032 2602 1115 2648 anno
1136 2585 1228 2647 1499.

430 2688 572 2753 Joannes
596 2686 751 2753 Reuohliu
777 2687 979 2770 phorcensis,
1004 2687 1036 2752 ll.
1060 2672 1182 2753 doctor.

151 2799 329 2872 Autogmplr,
346 2797 413 2856 sehr
428 2803 479 2871 gut
494 2797 657 2857 erhaltenes
673 2797 826 2869 folioblatt,
842 2796 917 2856 ohne
933 2796 1031 2869 siegel.
1069 2795 1228 2856 Bibliotecs

60 2904 257 2981 ambrosiana,
283 2903 346 2962 cod.
366 2905 389 2962 Ε
407 2906 446 2962 36
464 2902 526 2976 int,
544 2902 595 2962 fol.
617 2905 666 2962 18.

293 3168 298 3183 ,
565 3092 722 3159 nxxrva.
1179 3176 1181 3179 v

133 3182 168 3247 (r)
1080 3182 1192 3251 (16007)
1271 3228 1285 3246 ,

106 3271 271 3345 Joannes
289 3269 483 3366 Reuchlin,
504 3269 543 3344 in
563 3268 876 3372 metamorphosin
896 3271 995 3346 Petri
1014 3266 1196 3348 Boterdi(

222 3427 366 3477 Hesiodum
385 3425 517 3491 quondam
537 3427 620 3478 Musa
639 3429 722 3480 fecere
740 3434 852 3495 poetam,

272 3514 323 3577 Qui
343 3515 399 3566 sino
417 3513 537 3567 doctrino
555 3521 645 3582 pastor
665 3515 743 3566 ovilis
760 3522 823 3567 crat.

138 3680 148 3725 l
172 3676 221 3726 Die
239 3675 392 3727 Schweiaer.
428 3675 473 3724 Ich
496 3675 562 3726 habe
586 3616 669 3726 schhn
694 3676 721 3725 in
746 3675 791 3726 der
810 3675 877 3726 oben
895 3676 1038 3728 berhhrten
1057 3674 1228 3742 abhandlung

60 3763 158 3814 darant*
176 3764 353 3814 autmerlrsam
376 3762 509 3828 gemacht,
534 3762 594 3813 dass
617 3763 746 3814 Reuchlin
769 3762 811 3813 die
833 3764 1028 3830 misstimmung
1050 3763 1094 3814 der
1116 3761 1228 3830 dbrigeu

61 3852 228 3902 humanisten
251 3867 334 3918 gagen
354 3850 395 3900 die
415 3849 558 3900 Schweizer
576 3850 661 3901 theilt.
730 3855 744 3900 2
765 3850 871 3901 Welche
889 3850 986 3902 bilcher
1004 3849 1059 3901 dies
1077 3865 1172 3910 waren,
1192 3847 1227 3900 ist

60 3937 136 3988 nicht
160 3939 284 3990 bekannt.
322 3936 504 3989 Vermuthlich
528 3937 575 3988 hat
594 3937 677 3988 Aldus
704 3938 745 3988 die
770 3935 834 3987 bitte
858 3937 884 3986 in
909 3937 1004 3988 betreff
1026 3934 1071 3988 der
1088 3934 1227 3988 schleuden

60 4027 157 4076 bldtter
180 4027 224 4077 des
246 4026 399 4077 Aristoteles
423 4025 527 4088 erilillt3
554 4031 641 4092 sptter
666 4023 780 4077 schreibt
799 4039 839 4076 er:
868 4041 946 4092 opera
965 4013 1115 4074 Aristotelis
1134 4037 1193 4089 qua
1210 4038 1228 4072 ι

60 4113 137 4163 nobis
157 4130 261 4179 quoqne
280 4115 359 4164 habes
379 4114 446 4164 oben
466 4131 486 4164 s.
508 4118 550 4164 77.
618 4112 705 4164 amir
723 4113 759 4163 ist
777 4111 860 4162 dieser
879 4110 1068 4174 buchhttudler,
1088 4109 1133 4162 der
1151 4117 1226 4162 sonet

62 4216 115 4250 von
139 4201 269 4252 Renchlin
294 4201 369 4251 nieht
394 4201 511 4253 eruthut
536 4201 608 4264 wird,
637 4199 800 4252 unbekannt.
881 4204 897 4248 4
921 4198 999 4267 Liegt
1024 4197 1156 4250 natiirlich
1181 4197 1226 4250 der

60 4287 228 4341 handschrilt
246 4289 319 4339 nicht
336 4290 386 4341 bei.
443 4294 458 4340 ὁ
478 4290 569 4341 Dieser
585 4289 654 4340 briei
671 4287 715 4339 des
730 4288 812 4338 Aldus
831 4287 865 4338 ist
884 4285 1066 4354 ebensowenig
1086 4286 1134 4338 wie
1152 4286 1223 4339 seins

60 4382 175 4426 antisort
194 4378 242 4425 auf
258 4376 307 4426 deu
326 4378 452 4444 unsrigen
471 4377 596 4429 erhalteu.
620 4380 623 4385 ’

88 4491 234 4532 Reuchlin
978 4465 1015 4522 23
