2798 4980
625 119 808 187 CLXXXV.

201 204 360 257 rasurus.
1067 211 1154 281 (spru
1177 214 1267 280 1514.)

389 277 415 353 J
416 303 555 353 oannes
573 279 757 355 Reuchlin
776 307 825 355 an
844 280 1019 359 Erasmus
1038 284 1050 333 ¹

111 424 199 510 gibt
221 424 295 491 sine
317 424 432 506 lrurze',
454 426 601 495 ziemlioh
623 428 847 513 scongemcsse
870 430 1075 517 schilderung
1088 432 1203 498 'seinos
1226 431 1304 500 han·

113 531 199 598 dels
223 518 370 596 mit'den
394 531 561 615 miinohen,
587 534 757 601 einerseits
779 535 830 601 bis
862 559 919 602 nur
943 538 1170 621 verbrennung
1197 538 1302 604 seines

109 636 373 720 augenspiegols
396 637 430 702 iu
454 638 547 719 Kdln,
571 638 772 706 andrerseits
796 641 845 706 bis
861 664 934 708 zum
951 643 1053 710 erlass
1071 643 1129 709 des
1146 643 1298 728 Speierer

110 742 275 823 urtheils,
299 742 426 808 sohiokt
448 743 507 810 das
529 744 667 811 letztere
691 746 757 812 und
781 747 896 813 bittet:
921 757 958 814 ut
981 751 1009 814 si
1033 749 1075 816 ab
1091 749 1209 816 invidis
1225 755 1301 816 ante

110 869 251 915 annum
288 869 346 932 ego
376 849 500 915 Suorus
528 855 561 916 et
590 850 634 916 ad
661 851 858 936 Hercynium
884 855 998 939 jugum
1030 854 1183 920 babitans
1213 854 1302 939 apud

113 954 251 1038 Anglos
266 975 306 1019 ao
326 954 502 1021 Britannos
525 962 600 1022 tuos
616 957 676 1023 sim
701 963 834 1024 notatus
848 959 869 1038 ²,
893 981 977 1026 nuno
994 960 1110 1026 saltem
1134 983 1195 1045 per
1208 967 1300 1026 tuam

114 1058 350 1127 defensionem
382 1067 497 1126 contra
526 1060 684 1128 librorum
712 1063 927 1131 incendiarios
958 1065 1124 1132 restituar.
1161 1068 1300 1134 Franco-

117 1166 237 1234 fordia
260 1166 295 1231 in
317 1166 469 1233 nundinis
494 1168 659 1252 Aprilibus
687 1174 782 1236 1514.

215 1275 379 1336 Gedruokt:
395 1277 509 1336 Erasmi
516 1278 702 1338 Roterodami
710 1296 799 1353 opera
812 1279 856 1340 ed.
868 1279 1004 1356 Lugduni
1012 1281 1188 1342 Batavorum
1200 1285 1238 1342 17
1243 1285 1297 1355 03,

119 1384 179 1445 vol.
198 1382 253 1443 111.
269 1383 364 1457 epist,
381 1382 456 1457 App.
474 1399 537 1442 nro.
556 1386 585 1458 5,
603 1384 656 1444 col.
676 1385 770 1444 1524.

616 1599 815 1669 CLXXXVI.

198 1688 354 1757 Augsburg.
1100 1693 1200 1744 aruns
1222 1694 1297 1745 1514.

124 1777 147 1853 J
149 1803 292 1852 oannes
310 1777 609 1854 Bo'schenstain5
627 1778 830 1855 clarissimo
850 1780 930 1856 viro
950 1781 976 1857 J
978 1782 1092 1855 oanni
1111 1782 1294 1857 Reuohlin

181 1901 382 2002 phennensi
414 1903 489 1977 LL.
524 1903 668 1979 doctori
698 1906 918 2006 praeceptori
945 1932 1010 1981 suo
1045 1905 1082 1981 S.
1114 1906 1159 1980 D.
1189 1906 1231 1980 P.

214 2065 419 2152 Quamquam
450 2087 508 2152 ego
538 2074 571 2134 te
600 2067 830 2135 humanissime
854 2077 1037 2155 praeceptor
1065 2070 1108 2136 ab
1132 2092 1170 2137 eo
1194 2091 1298 2156 usquo

123 2176 273 2256 tempore
297 2194 360 2258 quo
383 2194 499 2239 nomon
523 2180 615 2239 tuum
637 2175 716 2239 mihi
732 2177 895 2259 cognitum
910 2176 981 2256 fuit,
1005 2176 1174 2241 absentem
1192 2175 1298 2241 colue-

122 2278 185 2343 rim
209 2284 342 2363 tamque
371 2279 491 2345 famam
523 2286 638 2364 aperto
668 2302 723 2346 ore
755 2281 902 2347 omnibus
933 2281 1194 2365 praedicaverim,
1227 2287 1296 2347 tum

126 2384 216 2469 quod
233 2385 354 2450 eisdem
372 2386 489 2452 studiis
506 2387 607 2451 sacris
623 2387 746 2452 scilicet
761 2387 964 2452 hebraeorum
981 2386 1085 2451 literis
1107 2386 1224 2450 intenti
1238 2385 1298 2451 fui·

123 2511 208 2571 mus,
233 2496 302 2556 tum
325 2498 462 2576 propter
491 2493 635 2576 egregias
666 2493 764 2557 animi
794 2493 843 2558 tui
873 2492 1011 2557 virtutes
1039 2489 1298 2575 singularemque

125 2617 193 2681 qua
216 2596 359 2681 reliquos
382 2598 537 2664 mortales
562 2598 693 2663 excellis
717 2598 930 2663 eruditionem
947 2603 981 2662 et
996 2595 1172 2661 multarum
1187 2616 1297 2660 rerum

125 2701 351 2768 multimodam
382 2704 564 2786 scientiam,
600 2703 822 2788 superioribus
854 2709 963 2768 tamen
993 2702 1107 2767 diebus
1132 2702 1208 2766 dum
1231 2702 1295 2766 Au·

123 2815 230 2892 gustas
253 2830 368 2892 ageres
387 2812 411 2890 ⁴,
444 2832 495 2876 me
530 2818 595 2877 tuae
619 2810 800 2895 praesentiae
832 2807 1080 2875 mansuetudine
1104 2812 1139 2872 et
1161 2805 1299 2872 benevo-

123 2914 228 2980 lentia
251 2915 333 2981 adeo
357 2916 419 2981 tibi
442 2917 624 2995 devinxisti,
648 2917 730 2981 adeo
754 2916 786 2979 in
811 2937 954 2981 amorem
977 2914 1026 2980 tui
1049 2912 1236 2993 accendisti,
1259 2918 1297 2978 ut

123 3020 215 3100 mibi,
240 3021 268 3086 si
291 3043 371 3106 opus
387 3021 486 3088 luerit
502 3022 609 3088 omnia
632 3021 770 3088 adversa
794 3028 827 3087 et
850 3028 1028 3087 extremam
1045 3021 1144 3086 etiam
1160 3018 1299 3085 necessi-

124 3133 231 3192 tatem
262 3149 322 3212 pro
354 3135 387 3194 te
411 3129 496 3212 pati,
529 3129 600 3194 love
631 3134 726 3193 esset.
774 3127 857 3206 Quid
887 3128 926 3192 de
958 3133 1015 3192 tua
1039 3127 1071 3190 in
1102 3146 1153 3190 mo
1176 3124 1239 3190 fide
1264 3131 1298 3191 et

125 3234 253 3318 pietate
277 3233 392 3315 dicam,
416 3257 514 3321 quam
537 3233 766 3300 beneficiorum
789 3234 1043 3300 vicissitudinem
1065 3231 1125 3298 tibi
1150 3231 1296 3298 reddam.

124 3342 216 3405 Deus
252 3340 392 3425 optimus
423 3341 583 3407 maximus
613 3342 668 3425 qui
697 3340 844 3407 omnibus
879 3340 1008 3405 abunde
1042 3337 1209 3423 providet,
1242 3336 1298 3402 ille

124 3445 188 3511 tibi
211 3446 345 3529 praemia
368 3446 464 3530 digna
487 3446 582 3527 ferat,
606 3447 770 3530 faciatque
793 3446 903 3511 uthis
927 3444 1043 3529 quibus
1063 3444 1132 3526 jam
1160 3441 1296 3524 agitaris

124 3551 281 3616 fluctibus
312 3558 445 3636 ereptus
474 3553 508 3617 in
542 3558 649 3618 tutum
682 3543 814 3617 tandem
843 3557 971 3636 portum
1001 3549 1094 3613 laetus
1126 3546 1297 3629 devenias;

124 3665 170 3738 te,
193 3658 336 3741 inquam,
360 3680 400 3723 ex
422 3658 480 3725 illa
502 3658 641 3724 adversa
671 3659 818 3735 fortuna,
849 3655 1030 3741 iniquisque
1053 3652 1299 3718 machinationi-

709 3789 726 3828 *

203 3881 215 3926 1
235 3877 290 3926 Fur
302 3877 391 3928 disson
410 3877 480 3928 brief
496 3877 531 3928 ist
549 3895 581 3928 zu
598 3878 653 3945 vgl.
668 3876 795 3929 Reuchlin
814 3891 834 3925 s.
855 3878 915 3925 337.
989 3877 1002 3922 2
1023 3873 1083 3941 Vgl.
1096 3873 1163 3925 oben
1178 3876 1210 3924 10
1222 3874 1296 3925 Mdrn

126 3968 197 4017 1510
218 3982 275 4017 nro.
295 3965 403 4017 cxllra.
476 3971 491 4016 3
510 3953 580 4019 'Uber
601 3968 630 4018 Β.
655 3983 676 4018 s.
700 3967 769 4016 mein
788 3963 905 4015 studium
929 3961 973 4012 dor
992 3961 1063 4013 hebr.
1083 3963 1199 4030 spracho,
1220 3978 1239 4012 s.
1260 3966 1293 4014 48

123 4056 167 4113 bis
186 4056 230 4111 55.
304 4058 321 4104 4
340 4054 401 4125 Vgl.
420 4055 487 4107 oben
506 4072 562 4109 uro.
582 4055 739 4111 CLXXXllI
756 4053 811 4107 und
831 4050 993 4107 CLXXXIV.
