<?xml version="1.0" encoding="UTF-8"?>
<!DOCTYPE html PUBLIC "-//W3C//DTD XHTML 1.0 Transitional//EN"
    "http://www.w3.org/TR/xhtml1/DTD/xhtml1-transitional.dtd">
<html xmlns="http://www.w3.org/1999/xhtml" xml:lang="en" lang="en">
 <head>
  <title>
</title>
<meta http-equiv="Content-Type" content="text/html;charset=utf-8" />
  <meta name='ocr-system' content='tesseract 3.04.00' />
  <meta name='ocr-capabilities' content='ocr_page ocr_carea ocr_par ocr_line ocrx_word'/>
</head>
<body>
  <div class='ocr_page' id='page_1' title='image "./johannreuchlins01reucgoog/johannreuchlins01reucgoog_0134.png"; bbox 0 0 2798 4980; ppageno 0'>
   <div class='ocr_carea' id='block_1_1' title="bbox 666 295 729 363">
    <p class='ocr_par' dir='ltr' id='par_1_1' title="bbox 666 295 729 363">
     <span class='ocr_line' id='line_1_1' title="bbox 666 295 729 363; baseline 0 0"><span class='ocrx_word' id='word_1_1' title='bbox 666 295 729 363; x_wconf 83' lang='lat'><strong>122</strong></span> 
     </span>
    </p>
   </div>
   <div class='ocr_carea' id='block_1_2' title="bbox 113 482 1266 3412">
    <p class='ocr_par' dir='ltr' id='par_1_2' title="bbox 113 482 1266 3412">
     <span class='ocr_line' id='line_1_2' title="bbox 117 482 1265 575; baseline 0.004 -24"><span class='ocrx_word' id='word_1_2' title='bbox 117 482 270 564; x_wconf 79' lang='lat' dir='ltr'><strong>sormam,</strong></span> <span class='ocrx_word' id='word_1_3' title='bbox 293 490 381 550; x_wconf 84' lang='lat' dir='ltr'><strong>esset</strong></span> <span class='ocrx_word' id='word_1_4' title='bbox 402 489 511 550; x_wconf 89' lang='lat' dir='ltr'><strong>tamen</strong></span> <span class='ocrx_word' id='word_1_5' title='bbox 538 484 713 551; x_wconf 81' lang='lat' dir='ltr'><strong>admodum</strong></span> <span class='ocrx_word' id='word_1_6' title='bbox 734 506 865 553; x_wconf 90' lang='lat' dir='ltr'><strong>necesse</strong></span> <span class='ocrx_word' id='word_1_7' title='bbox 893 491 963 555; x_wconf 90' lang='lat' dir='ltr'><strong>tum</strong></span> <span class='ocrx_word' id='word_1_8' title='bbox 985 494 1125 575; x_wconf 85' lang='lat' dir='ltr'><strong>propter</strong></span> <span class='ocrx_word' id='word_1_9' title='bbox 1146 509 1265 575; x_wconf 83' lang='lat' dir='ltr'><strong>grecam</strong></span> 
     </span>
     <span class='ocr_line' id='line_1_3' title="bbox 117 589 1263 680; baseline 0.004 -24"><span class='ocrx_word' id='word_1_10' title='bbox 117 596 187 656; x_wconf 91' lang='lat' dir='ltr'><strong>tum</strong></span> <span class='ocrx_word' id='word_1_11' title='bbox 214 589 314 655; x_wconf 87' lang='lat' dir='ltr'><strong>etiam</strong></span> <span class='ocrx_word' id='word_1_12' title='bbox 344 589 531 656; x_wconf 82' lang='lat' dir='ltr'>hebraicam</span> <span class='ocrx_word' id='word_1_13' title='bbox 565 590 828 677; x_wconf 87' lang='lat' dir='ltr'><strong>chaldaicamque</strong></span> <span class='ocrx_word' id='word_1_14' title='bbox 865 592 1007 677; x_wconf 80' lang='lat' dir='ltr'><strong>liugnam</strong></span> <span class='ocrx_word' id='word_1_15' title='bbox 1049 595 1124 661; x_wconf 88' lang='lat' dir='ltr'><strong>aliis</strong></span> <span class='ocrx_word' id='word_1_16' title='bbox 1153 615 1263 680; x_wconf 87' lang='lat' dir='ltr'><strong>quoque</strong></span> 
     </span>
     <span class='ocr_line' id='line_1_4' title="bbox 117 694 1263 783; baseline 0.004 -21"><span class='ocrx_word' id='word_1_17' title='bbox 117 694 295 776; x_wconf 87' lang='lat' dir='ltr'><strong>abundare,</strong></span> <span class='ocrx_word' id='word_1_18' title='bbox 330 695 427 780; x_wconf 91' lang='lat' dir='ltr'><strong>quod,</strong></span> <span class='ocrx_word' id='word_1_19' title='bbox 462 694 615 776; x_wconf 79' lang='lat' dir='ltr'><strong>arbitror,</strong></span> <span class='ocrx_word' id='word_1_20' title='bbox 645 694 715 761; x_wconf 91' lang='lat' dir='ltr'><strong>fieri</strong></span> <span class='ocrx_word' id='word_1_21' title='bbox 748 702 867 781; x_wconf 87' lang='lat' dir='ltr'><strong>posset,</strong></span> <span class='ocrx_word' id='word_1_22' title='bbox 902 699 930 764; x_wconf 87' lang='lat' dir='ltr'><strong>si</strong></span> <span class='ocrx_word' id='word_1_23' title='bbox 963 699 1053 783; x_wconf 90' lang='lat' dir='ltr'><strong>apud</strong></span> <span class='ocrx_word' id='word_1_24' title='bbox 1087 703 1122 766; x_wconf 91' lang='grc'><strong>10</strong></span> <span class='ocrx_word' id='word_1_25' title='bbox 1143 699 1263 767; x_wconf 74' lang='lat' dir='ltr'><strong>Baua</strong></span> 
     </span>
     <span class='ocr_line' id='line_1_5' title="bbox 117 801 1264 889; baseline 0 -20"><span class='ocrx_word' id='word_1_26' title='bbox 117 823 233 882; x_wconf 88' lang='lat' dir='ltr'><strong>essem,</strong></span> <span class='ocrx_word' id='word_1_27' title='bbox 255 802 312 868; x_wconf 86' lang='lat' dir='ltr'><strong>ubi</strong></span> <span class='ocrx_word' id='word_1_28' title='bbox 335 801 517 886; x_wconf 74' lang='lat' dir='ltr'><strong>praesertim</strong></span> <span class='ocrx_word' id='word_1_29' title='bbox 540 822 667 867; x_wconf 90' lang='lat' dir='ltr'><strong>sacram</strong></span> <span class='ocrx_word' id='word_1_30' title='bbox 690 803 885 886; x_wconf 77' lang='lat' dir='ltr'><strong>scripturam</strong></span> <span class='ocrx_word' id='word_1_31' title='bbox 908 802 1021 869; x_wconf 84' lang='lat' dir='ltr'><strong>Graece</strong></span> <span class='ocrx_word' id='word_1_32' title='bbox 1045 804 1162 871; x_wconf 88' lang='lat' dir='ltr'><strong>melius</strong></span> <span class='ocrx_word' id='word_1_33' title='bbox 1176 805 1264 889; x_wconf 75' lang='lat' dir='ltr'><strong>copie</strong></span> 
     </span>
     <span class='ocr_line' id='line_1_6' title="bbox 118 907 1264 994; baseline 0 -19"><span class='ocrx_word' id='word_1_34' title='bbox 118 910 249 993; x_wconf 78' lang='lat' dir='ltr'><strong>eiusque</strong></span> <span class='ocrx_word' id='word_1_35' title='bbox 272 907 459 973; x_wconf 85' lang='lat' dir='ltr'><strong>invenirem.</strong></span> <span class='ocrx_word' id='word_1_36' title='bbox 504 907 597 972; x_wconf 84' lang='lat' dir='ltr'>Unde</span> <span class='ocrx_word' id='word_1_37' title='bbox 613 907 691 972; x_wconf 91' lang='lat' dir='ltr'><strong>mibi</strong></span> <span class='ocrx_word' id='word_1_38' title='bbox 706 908 817 991; x_wconf 85' lang='lat' dir='ltr'><strong>ingens</strong></span> <span class='ocrx_word' id='word_1_39' title='bbox 831 907 966 975; x_wconf 77' lang='lat' dir='ltr'><strong>incessit</strong></span> <span class='ocrx_word' id='word_1_40' title='bbox 981 908 1145 994; x_wconf 82' lang='lat' dir='ltr'><strong>cupiditas</strong></span> <span class='ocrx_word' id='word_1_41' title='bbox 1160 909 1264 975; x_wconf 87' lang='lat' dir='ltr'><strong>visendi</strong></span> 
     </span>
     <span class='ocr_line' id='line_1_7' title="bbox 119 1011 1263 1098; baseline 0 -19"><span class='ocrx_word' id='word_1_42' title='bbox 119 1013 178 1093; x_wconf 88' lang='lat' dir='ltr'><strong>tui,</strong></span> <span class='ocrx_word' id='word_1_43' title='bbox 193 1013 291 1098; x_wconf 91' lang='lat' dir='ltr'><strong>idque</strong></span> <span class='ocrx_word' id='word_1_44' title='bbox 307 1033 380 1077; x_wconf 91' lang='lat' dir='ltr'><strong>cum</strong></span> <span class='ocrx_word' id='word_1_45' title='bbox 396 1011 480 1096; x_wconf 87' lang='lat' dir='ltr'><strong>Cyro</strong></span> <span class='ocrx_word' id='word_1_46' title='bbox 497 1011 607 1076; x_wconf 88' lang='lat' dir='ltr'><strong>ducali</strong></span> <span class='ocrx_word' id='word_1_47' title='bbox 623 1011 793 1078; x_wconf 88' lang='lat' dir='ltr'><strong>tabellario</strong></span> <span class='ocrx_word' id='word_1_48' title='bbox 810 1012 944 1081; x_wconf 82' lang='lat' dir='ltr'><strong>¹verbis</strong></span> <span class='ocrx_word' id='word_1_49' title='bbox 960 1013 1198 1095; x_wconf 87' lang='lat' dir='ltr'><strong>communicavi,</strong></span> <span class='ocrx_word' id='word_1_50' title='bbox 1217 1014 1263 1081; x_wconf 86' lang='lat' dir='ltr'><strong>sed</strong></span> 
     </span>
     <span class='ocr_line' id='line_1_8' title="bbox 117 1117 1261 1204; baseline 0 -19"><span class='ocrx_word' id='word_1_51' title='bbox 117 1118 238 1185; x_wconf 88' lang='lat' dir='ltr'><strong>accidit</strong></span> <span class='ocrx_word' id='word_1_52' title='bbox 260 1117 459 1183; x_wconf 69' lang='lat' dir='ltr'><strong>infirmitas²</strong></span> <span class='ocrx_word' id='word_1_53' title='bbox 482 1117 635 1182; x_wconf 88' lang='lat' dir='ltr'><strong>ictericiae</strong></span> <span class='ocrx_word' id='word_1_54' title='bbox 659 1117 831 1197; x_wconf 86' lang='lat' dir='ltr'><strong>hactenus,</strong></span> <span class='ocrx_word' id='word_1_55' title='bbox 855 1140 926 1204; x_wconf 82' lang='lat' dir='ltr'><strong>qua</strong></span> <span class='ocrx_word' id='word_1_56' title='bbox 954 1124 1082 1199; x_wconf 80' lang='grc'><strong>10111011,</strong></span> <span class='ocrx_word' id='word_1_57' title='bbox 1112 1125 1152 1185; x_wconf 88' lang='lat' dir='ltr'><strong>ut</strong></span> <span class='ocrx_word' id='word_1_58' title='bbox 1176 1140 1261 1204; x_wconf 88' lang='lat' dir='ltr'><strong>spero,</strong></span> 
     </span>
     <span class='ocr_line' id='line_1_9' title="bbox 118 1221 1261 1309; baseline 0 -20"><span class='ocrx_word' id='word_1_59' title='bbox 118 1224 231 1289; x_wconf 84' lang='lat' dir='ltr'><strong>functa</strong></span> <span class='ocrx_word' id='word_1_60' title='bbox 240 1230 290 1288; x_wconf 87' lang='lat' dir='ltr'><strong>est</strong></span> <span class='ocrx_word' id='word_1_61' title='bbox 303 1221 415 1302; x_wconf 87' lang='lat' dir='ltr'><strong>officio,</strong></span> <span class='ocrx_word' id='word_1_62' title='bbox 425 1228 540 1288; x_wconf 85' lang='lat' dir='ltr'><strong>taxans</strong></span> <span class='ocrx_word' id='word_1_63' title='bbox 548 1243 599 1287; x_wconf 91' lang='lat' dir='ltr'><strong>me</strong></span> <span class='ocrx_word' id='word_1_64' title='bbox 608 1223 650 1287; x_wconf 89' lang='lat' dir='ltr'><strong>ad</strong></span> <span class='ocrx_word' id='word_1_65' title='bbox 662 1223 788 1289; x_wconf 82' lang='lat' dir='ltr'><strong>suturas</strong></span> <span class='ocrx_word' id='word_1_66' title='bbox 797 1225 949 1290; x_wconf 88' lang='lat' dir='ltr'><strong>thermas.</strong></span> <span class='ocrx_word' id='word_1_67' title='bbox 975 1223 1059 1303; x_wconf 83' lang='lat' dir='ltr'><strong>Quid</strong></span> <span class='ocrx_word' id='word_1_68' title='bbox 1069 1223 1261 1309; x_wconf 83' lang='lat' dir='ltr'><strong>multislape·</strong></span> 
     </span>
     <span class='ocr_line' id='line_1_10' title="bbox 116 1327 1261 1413; baseline 0 -18"><span class='ocrx_word' id='word_1_69' title='bbox 116 1327 388 1395; x_wconf 86' lang='lat' dir='ltr'><strong>rictibiauimnm</strong></span> <span class='ocrx_word' id='word_1_70' title='bbox 403 1349 520 1408; x_wconf 87' lang='lat' dir='ltr'><strong>meum,</strong></span> <span class='ocrx_word' id='word_1_71' title='bbox 541 1335 743 1412; x_wconf 89' lang='lat' dir='ltr'><strong>quemantea</strong></span> <span class='ocrx_word' id='word_1_72' title='bbox 758 1331 943 1413; x_wconf 79' lang='lat' dir='ltr'><strong>cognovisti</strong></span> <span class='ocrx_word' id='word_1_73' title='bbox 980 1329 1059 1411; x_wconf 89' lang='lat' dir='ltr'><strong>Scis,</strong></span> <span class='ocrx_word' id='word_1_74' title='bbox 1082 1351 1136 1395; x_wconf 91' lang='lat' dir='ltr'><strong>me</strong></span> <span class='ocrx_word' id='word_1_75' title='bbox 1151 1329 1261 1396; x_wconf 85' lang='lat' dir='ltr'><strong>anxium</strong></span> 
     </span>
     <span class='ocr_line' id='line_1_11' title="bbox 116 1432 1260 1520; baseline 0.001 -21"><span class='ocrx_word' id='word_1_76' title='bbox 116 1439 251 1519; x_wconf 88' lang='lat' dir='ltr'><strong>propter</strong></span> <span class='ocrx_word' id='word_1_77' title='bbox 267 1440 431 1517; x_wconf 85' lang='lat' dir='ltr'><strong>erogatam</strong></span> <span class='ocrx_word' id='word_1_78' title='bbox 446 1432 659 1518; x_wconf 79' lang='lat' dir='ltr'><strong>impressori³</strong></span> <span class='ocrx_word' id='word_1_79' title='bbox 674 1455 745 1500; x_wconf 90' lang='lat' dir='ltr'><strong>meo</strong></span> <span class='ocrx_word' id='word_1_80' title='bbox 761 1434 940 1519; x_wconf 88' lang='lat' dir='ltr'><strong>pecuniam.</strong></span> <span class='ocrx_word' id='word_1_81' title='bbox 971 1435 1043 1513; x_wconf 83' lang='lat' dir='ltr'><strong>Qua</strong></span> <span class='ocrx_word' id='word_1_82' title='bbox 1056 1436 1089 1501; x_wconf 93' lang='lat' dir='ltr'><strong>in</strong></span> <span class='ocrx_word' id='word_1_83' title='bbox 1106 1457 1142 1501; x_wconf 90' lang='lat' dir='ltr'><strong>ra</strong></span> <span class='ocrx_word' id='word_1_84' title='bbox 1157 1440 1260 1520; x_wconf 83' lang='lat' dir='ltr'><strong>tapeto</strong></span> 
     </span>
     <span class='ocr_line' id='line_1_12' title="bbox 116 1539 1261 1625; baseline -0.001 -20"><span class='ocrx_word' id='word_1_85' title='bbox 116 1560 231 1605; x_wconf 89' lang='lat' dir='ltr'><strong>curare</strong></span> <span class='ocrx_word' id='word_1_86' title='bbox 254 1539 501 1605; x_wconf 85' lang='lat' dir='ltr'><strong>indemnitatem</strong></span> <span class='ocrx_word' id='word_1_87' title='bbox 517 1561 632 1619; x_wconf 87' lang='lat' dir='ltr'><strong>meam,</strong></span> <span class='ocrx_word' id='word_1_88' title='bbox 656 1561 731 1604; x_wconf 90' lang='lat' dir='ltr'><strong>nam</strong></span> <span class='ocrx_word' id='word_1_89' title='bbox 747 1539 838 1606; x_wconf 90' lang='lat' dir='ltr'><strong>lucra</strong></span> <span class='ocrx_word' id='word_1_90' title='bbox 853 1561 917 1606; x_wconf 91' lang='lat' dir='ltr'><strong>uon</strong></span> <span class='ocrx_word' id='word_1_91' title='bbox 939 1549 1026 1625; x_wconf 91' lang='lat' dir='ltr'><strong>peto.</strong></span> <span class='ocrx_word' id='word_1_92' title='bbox 1075 1542 1164 1625; x_wconf 84' lang='lat' dir='ltr'><strong>Rogo</strong></span> <span class='ocrx_word' id='word_1_93' title='bbox 1183 1541 1261 1624; x_wconf 83' lang='lat' dir='ltr'><strong>igitur</strong></span> 
     </span>
     <span class='ocr_line' id='line_1_13' title="bbox 115 1644 1261 1731; baseline -0.002 -21"><span class='ocrx_word' id='word_1_94' title='bbox 115 1651 206 1710; x_wconf 88' lang='lat' dir='ltr'><strong>tuam</strong></span> <span class='ocrx_word' id='word_1_95' title='bbox 223 1665 301 1728; x_wconf 85' lang='lat' dir='ltr'><strong>erga</strong></span> <span class='ocrx_word' id='word_1_96' title='bbox 315 1666 367 1709; x_wconf 91' lang='lat' dir='ltr'><strong>me</strong></span> <span class='ocrx_word' id='word_1_97' title='bbox 382 1644 625 1724; x_wconf 89' lang='lat' dir='ltr'><strong>humanitatem,</strong></span> <span class='ocrx_word' id='word_1_98' title='bbox 642 1644 736 1711; x_wconf 83' lang='lat' dir='ltr'><strong>utvel</strong></span> <span class='ocrx_word' id='word_1_99' title='bbox 746 1666 834 1711; x_wconf 88' lang='lat' dir='ltr'><strong>ernas</strong></span> <span class='ocrx_word' id='word_1_100' title='bbox 849 1645 1029 1711; x_wconf 86' lang='lat' dir='ltr'><strong>volvendas</strong></span> <span class='ocrx_word' id='word_1_101' title='bbox 1039 1653 1168 1731; x_wconf 84' lang='lat' dir='ltr'><strong>partem</strong></span> <span class='ocrx_word' id='word_1_102' title='bbox 1176 1665 1261 1710; x_wconf 90' lang='lat' dir='ltr'><strong>mean</strong></span> 
     </span>
     <span class='ocr_line' id='line_1_14' title="bbox 115 1747 1262 1834; baseline -0.001 -19"><span class='ocrx_word' id='word_1_103' title='bbox 115 1770 175 1834; x_wconf 90' lang='lat' dir='ltr'><strong>pro</strong></span> <span class='ocrx_word' id='word_1_104' title='bbox 191 1748 260 1815; x_wconf 90' lang='lat' dir='ltr'><strong>sola</strong></span> <span class='ocrx_word' id='word_1_105' title='bbox 275 1749 438 1833; x_wconf 73' lang='lat' dir='ltr'><strong>aequitate,</strong></span> <span class='ocrx_word' id='word_1_106' title='bbox 464 1755 501 1813; x_wconf 91' lang='lat' dir='ltr'><strong>ut</strong></span> <span class='ocrx_word' id='word_1_107' title='bbox 523 1750 648 1832; x_wconf 88' lang='lat' dir='ltr'><strong>possint</strong></span> <span class='ocrx_word' id='word_1_108' title='bbox 676 1757 710 1815; x_wconf 93' lang='lat' dir='ltr'><strong>et</strong></span> <span class='ocrx_word' id='word_1_109' title='bbox 736 1757 898 1834; x_wconf 89' lang='lat' dir='ltr'><strong>emptores</strong></span> <span class='ocrx_word' id='word_1_110' title='bbox 921 1750 1043 1816; x_wconf 90' lang='lat' dir='ltr'><strong>lucrari</strong></span> <span class='ocrx_word' id='word_1_111' title='bbox 1065 1757 1099 1816; x_wconf 91' lang='lat' dir='ltr'><strong>et</strong></span> <span class='ocrx_word' id='word_1_112' title='bbox 1121 1772 1179 1834; x_wconf 85' lang='lat' dir='ltr'><strong>ego</strong></span> <span class='ocrx_word' id='word_1_113' title='bbox 1199 1747 1262 1814; x_wconf 89' lang='lat' dir='ltr'><strong>nibil</strong></span> 
     </span>
     <span class='ocr_line' id='line_1_15' title="bbox 114 1853 1263 1940; baseline -0.001 -20"><span class='ocrx_word' id='word_1_114' title='bbox 114 1854 261 1939; x_wconf 87' lang='lat' dir='ltr'><strong>perdere.</strong></span> <span class='ocrx_word' id='word_1_115' title='bbox 293 1854 385 1919; x_wconf 87' lang='lat' dir='ltr'><strong>Libri</strong></span> <span class='ocrx_word' id='word_1_116' title='bbox 394 1853 526 1919; x_wconf 87' lang='lat' dir='ltr'><strong>fuerunt</strong></span> <span class='ocrx_word' id='word_1_117' title='bbox 534 1875 667 1920; x_wconf 90' lang='lat' dir='ltr'><strong>numero</strong></span> <span class='ocrx_word' id='word_1_118' title='bbox 687 1861 781 1920; x_wconf 94' lang='grc'><strong>1500.</strong></span> <span class='ocrx_word' id='word_1_119' title='bbox 813 1854 929 1921; x_wconf 90' lang='lat' dir='ltr'><strong>Nescio</strong></span> <span class='ocrx_word' id='word_1_120' title='bbox 945 1855 1024 1940; x_wconf 88' lang='lat' dir='ltr'><strong>qnid</strong></span> <span class='ocrx_word' id='word_1_121' title='bbox 1040 1856 1191 1939; x_wconf 87' lang='lat' dir='ltr'><strong>supersit.</strong></span> <span class='ocrx_word' id='word_1_122' title='bbox 1212 1853 1263 1921; x_wconf 88' lang='lat' dir='ltr'><strong>Sed</strong></span> 
     </span>
     <span class='ocr_line' id='line_1_16' title="bbox 115 1959 1263 2045; baseline -0.001 -20"><span class='ocrx_word' id='word_1_123' title='bbox 115 1959 269 2045; x_wconf 90' lang='lat' dir='ltr'><strong>quicquid</strong></span> <span class='ocrx_word' id='word_1_124' title='bbox 289 1961 360 2038; x_wconf 89' lang='lat' dir='ltr'><strong>erit,</strong></span> <span class='ocrx_word' id='word_1_125' title='bbox 384 1960 494 2043; x_wconf 84' lang='lat' dir='ltr'><strong>accipe</strong></span> <span class='ocrx_word' id='word_1_126' title='bbox 517 1979 538 2024; x_wconf 89' lang='lat' dir='ltr'><strong>a</strong></span> <span class='ocrx_word' id='word_1_127' title='bbox 552 1980 603 2025; x_wconf 89' lang='lat' dir='ltr'><strong>me</strong></span> <span class='ocrx_word' id='word_1_128' title='bbox 621 1967 690 2026; x_wconf 90' lang='lat' dir='ltr'><strong>tres</strong></span> <span class='ocrx_word' id='word_1_129' title='bbox 704 1959 805 2025; x_wconf 86' lang='lat' dir='ltr'><strong>libros</strong></span> <span class='ocrx_word' id='word_1_130' title='bbox 820 1981 879 2044; x_wconf 92' lang='lat' dir='ltr'><strong>pro</strong></span> <span class='ocrx_word' id='word_1_131' title='bbox 895 1982 959 2026; x_wconf 92' lang='lat' dir='ltr'><strong>uno</strong></span> <span class='ocrx_word' id='word_1_132' title='bbox 974 1959 1113 2041; x_wconf 81' lang='lat' dir='ltr'><strong>floren03</strong></span> <span class='ocrx_word' id='word_1_133' title='bbox 1137 1968 1170 2026; x_wconf 89' lang='lat' dir='ltr'><strong>et</strong></span> <span class='ocrx_word' id='word_1_134' title='bbox 1184 1959 1263 2027; x_wconf 88' lang='lat' dir='ltr'><strong>credo</strong></span> 
     </span>
     <span class='ocr_line' id='line_1_17' title="bbox 115 2063 1263 2150; baseline 0.001 -21"><span class='ocrx_word' id='word_1_135' title='bbox 115 2064 194 2129; x_wconf 90' lang='lat' dir='ltr'><strong>mibi</strong></span> <span class='ocrx_word' id='word_1_136' title='bbox 223 2063 330 2129; x_wconf 88' lang='lat' dir='ltr'><strong>adhuc</strong></span> <span class='ocrx_word' id='word_1_137' title='bbox 359 2071 542 2150; x_wconf 87' lang='lat' dir='ltr'><strong>competere</strong></span> <span class='ocrx_word' id='word_1_138' title='bbox 580 2069 642 2130; x_wconf 84' lang='grc'><strong>700</strong></span> <span class='ocrx_word' id='word_1_139' title='bbox 674 2065 775 2130; x_wconf 90' lang='lat' dir='ltr'><strong>libros</strong></span> <span class='ocrx_word' id='word_1_140' title='bbox 808 2065 847 2130; x_wconf 90' lang='lat' dir='ltr'><strong>de</strong></span> <span class='ocrx_word' id='word_1_141' title='bbox 878 2064 1073 2132; x_wconf 88' lang='lat' dir='ltr'><strong>rudimentis</strong></span> <span class='ocrx_word' id='word_1_142' title='bbox 1102 2064 1263 2131; x_wconf 81' lang='lat' dir='ltr'><strong>Hebraicis</strong></span> 
     </span>
     <span class='ocr_line' id='line_1_18' title="bbox 115 2169 1264 2255; baseline -0.001 -20"><span class='ocrx_word' id='word_1_143' title='bbox 115 2169 184 2235; x_wconf 89' lang='lat' dir='ltr'><strong>Ista</strong></span> <span class='ocrx_word' id='word_1_144' title='bbox 207 2174 291 2248; x_wconf 88' lang='lat' dir='ltr'><strong>sunt,</strong></span> <span class='ocrx_word' id='word_1_145' title='bbox 315 2190 386 2255; x_wconf 87' lang='lat' dir='ltr'><strong>quae</strong></span> <span class='ocrx_word' id='word_1_146' title='bbox 402 2191 453 2235; x_wconf 89' lang='lat' dir='ltr'><strong>me</strong></span> <span class='ocrx_word' id='word_1_147' title='bbox 469 2169 612 2249; x_wconf 87' lang='lat' dir='ltr'><strong>turbant,</strong></span> <span class='ocrx_word' id='word_1_148' title='bbox 635 2169 791 2249; x_wconf 86' lang='lat' dir='ltr'><strong>fractura,</strong></span> <span class='ocrx_word' id='word_1_149' title='bbox 816 2171 940 2255; x_wconf 81' lang='lat' dir='ltr'><strong>siphae</strong></span> <span class='ocrx_word' id='word_1_150' title='bbox 962 2175 1014 2236; x_wconf 88' lang='lat' dir='ltr'><strong>est</strong></span> <span class='ocrx_word' id='word_1_151' title='bbox 1037 2171 1158 2251; x_wconf 85' lang='lat' dir='ltr'><strong>dicere,</strong></span> <span class='ocrx_word' id='word_1_152' title='bbox 1178 2169 1264 2236; x_wconf 88' lang='lat' dir='ltr'><strong>fideli·</strong></span> 
     </span>
     <span class='ocr_line' id='line_1_19' title="bbox 114 2273 1264 2361; baseline -0.001 -21"><span class='ocrx_word' id='word_1_153' title='bbox 114 2274 195 2340; x_wconf 88' lang='lat' dir='ltr'><strong>tatis</strong></span> <span class='ocrx_word' id='word_1_154' title='bbox 220 2278 254 2339; x_wconf 88' lang='lat' dir='ltr'><strong>et</strong></span> <span class='ocrx_word' id='word_1_155' title='bbox 272 2274 404 2357; x_wconf 75' lang='lat' dir='ltr'><strong>Jactura</strong></span> <span class='ocrx_word' id='word_1_156' title='bbox 425 2274 620 2358; x_wconf 86' lang='lat' dir='ltr'><strong>patrimonii,</strong></span> <span class='ocrx_word' id='word_1_157' title='bbox 644 2296 665 2340; x_wconf 90' lang='lat' dir='ltr'><strong>a</strong></span> <span class='ocrx_word' id='word_1_158' title='bbox 688 2275 806 2361; x_wconf 92' lang='lat' dir='ltr'><strong>quibus</strong></span> <span class='ocrx_word' id='word_1_159' title='bbox 829 2274 857 2341; x_wconf 91' lang='lat' dir='ltr'><strong>si</strong></span> <span class='ocrx_word' id='word_1_160' title='bbox 879 2297 939 2359; x_wconf 90' lang='lat' dir='ltr'><strong>per</strong></span> <span class='ocrx_word' id='word_1_161' title='bbox 960 2281 993 2341; x_wconf 90' lang='lat' dir='ltr'><strong>te</strong></span> <span class='ocrx_word' id='word_1_162' title='bbox 1023 2274 1202 2355; x_wconf 88' lang='lat' dir='ltr'><strong>liberabor,</strong></span> <span class='ocrx_word' id='word_1_163' title='bbox 1226 2273 1264 2339; x_wconf 81' lang='lat' dir='ltr'><strong>fa</strong></span> 
     </span>
     <span class='ocr_line' id='line_1_20' title="bbox 116 2378 1263 2465; baseline 0.002 -23"><span class='ocrx_word' id='word_1_164' title='bbox 116 2378 200 2443; x_wconf 90' lang='lat' dir='ltr'><strong>ciam</strong></span> <span class='ocrx_word' id='word_1_165' title='bbox 227 2378 307 2444; x_wconf 89' lang='lat' dir='ltr'><strong>satis</strong></span> <span class='ocrx_word' id='word_1_166' title='bbox 335 2379 494 2446; x_wconf 83' lang='lat' dir='ltr'><strong>voluntati</strong></span> <span class='ocrx_word' id='word_1_167' title='bbox 521 2386 586 2445; x_wconf 75' lang='lat' dir='ltr'><strong>tute</strong></span> <span class='ocrx_word' id='word_1_168' title='bbox 613 2401 686 2446; x_wconf 92' lang='lat' dir='ltr'><strong>meo</strong></span> <span class='ocrx_word' id='word_1_169' title='bbox 714 2380 877 2465; x_wconf 88' lang='lat' dir='ltr'><strong>impendio</strong></span> <span class='ocrx_word' id='word_1_170' title='bbox 906 2385 940 2445; x_wconf 92' lang='lat' dir='ltr'><strong>et</strong></span> <span class='ocrx_word' id='word_1_171' title='bbox 963 2381 1033 2445; x_wconf 88' lang='lat' dir='ltr'><strong>sine</strong></span> <span class='ocrx_word' id='word_1_172' title='bbox 1066 2386 1124 2447; x_wconf 89' lang='lat' dir='ltr'><strong>tuo</strong></span> <span class='ocrx_word' id='word_1_173' title='bbox 1153 2380 1263 2447; x_wconf 90' lang='lat' dir='ltr'><strong>damno.</strong></span> 
     </span>
     <span class='ocr_line' id='line_1_21' title="bbox 116 2483 1263 2570; baseline 0.003 -22"><span class='ocrx_word' id='word_1_174' title='bbox 116 2483 317 2570; x_wconf 75' lang='lat' dir='ltr'><strong>veniamque</strong></span> <span class='ocrx_word' id='word_1_175' title='bbox 341 2486 384 2549; x_wconf 89' lang='lat' dir='ltr'><strong>ad</strong></span> <span class='ocrx_word' id='word_1_176' title='bbox 407 2493 440 2551; x_wconf 90' lang='lat' dir='ltr'><strong>ta</strong></span> <span class='ocrx_word' id='word_1_177' title='bbox 471 2496 502 2551; x_wconf 89' lang='lat' dir='ltr'><strong>et</strong></span> <span class='ocrx_word' id='word_1_178' title='bbox 523 2485 660 2551; x_wconf 81' lang='lat' dir='ltr'><strong>Basileus</strong></span> <span class='ocrx_word' id='word_1_179' title='bbox 688 2485 781 2551; x_wconf 87' lang='lat' dir='ltr'><strong>stabo</strong></span> <span class='ocrx_word' id='word_1_180' title='bbox 807 2485 989 2569; x_wconf 89' lang='lat' dir='ltr'><strong>sumptibus</strong></span> <span class='ocrx_word' id='word_1_181' title='bbox 1012 2486 1104 2566; x_wconf 90' lang='lat' dir='ltr'><strong>meis,</strong></span> <span class='ocrx_word' id='word_1_182' title='bbox 1127 2507 1191 2552; x_wconf 92' lang='lat' dir='ltr'><strong>non</strong></span> <span class='ocrx_word' id='word_1_183' title='bbox 1204 2484 1263 2564; x_wconf 83' lang='lat' dir='ltr'><strong>tuis,</strong></span> 
     </span>
     <span class='ocr_line' id='line_1_22' title="bbox 114 2588 1264 2676; baseline 0.001 -23"><span class='ocrx_word' id='word_1_184' title='bbox 114 2588 351 2674; x_wconf 88' lang='lat' dir='ltr'><strong>illustraboque</strong></span> <span class='ocrx_word' id='word_1_185' title='bbox 381 2591 412 2656; x_wconf 86' lang='lat' dir='ltr'><strong>S.</strong></span> <span class='ocrx_word' id='word_1_186' title='bbox 440 2592 674 2676; x_wconf 86' lang='lat' dir='ltr'><strong>Hieronymum</strong></span> <span class='ocrx_word' id='word_1_187' title='bbox 702 2592 790 2656; x_wconf 93' lang='lat' dir='ltr'><strong>nulla</strong></span> <span class='ocrx_word' id='word_1_188' title='bbox 820 2596 867 2660; x_wconf 89' lang='lat' dir='ltr'><strong>tui</strong></span> <span class='ocrx_word' id='word_1_189' title='bbox 897 2590 1052 2655; x_wconf 81' lang='lat' dir='ltr'><strong>mercede</strong></span> <span class='ocrx_word' id='word_1_190' title='bbox 1071 2591 1151 2656; x_wconf 92' lang='lat' dir='ltr'><strong>mibi</strong></span> <span class='ocrx_word' id='word_1_191' title='bbox 1174 2588 1264 2657; x_wconf 87' lang='lat' dir='ltr'><strong>danda</strong></span> 
     </span>
     <span class='ocr_line' id='line_1_23' title="bbox 116 2692 1265 2780; baseline -0.003 -19"><span class='ocrx_word' id='word_1_192' title='bbox 116 2694 344 2776; x_wconf 89' lang='lat' dir='ltr'><strong>illustratione,</strong></span> <span class='ocrx_word' id='word_1_193' title='bbox 368 2718 433 2780; x_wconf 88' lang='lat' dir='ltr'><strong>qua</strong></span> <span class='ocrx_word' id='word_1_194' title='bbox 455 2717 617 2780; x_wconf 89' lang='lat' dir='ltr'><strong>nunquam</strong></span> <span class='ocrx_word' id='word_1_195' title='bbox 641 2717 662 2760; x_wconf 91' lang='lat' dir='ltr'><strong>a</strong></span> <span class='ocrx_word' id='word_1_196' title='bbox 685 2702 830 2780; x_wconf 90' lang='lat' dir='ltr'><strong>tempore</strong></span> <span class='ocrx_word' id='word_1_197' title='bbox 854 2696 927 2761; x_wconf 77' lang='lat' dir='ltr'><strong>vita</strong></span> <span class='ocrx_word' id='word_1_198' title='bbox 942 2716 1009 2760; x_wconf 80' lang='lat' dir='ltr'><strong>sna</strong></span> <span class='ocrx_word' id='word_1_199' title='bbox 1024 2695 1198 2763; x_wconf 84' lang='lat' dir='ltr'><strong>claruerat.</strong></span> <span class='ocrx_word' id='word_1_200' title='bbox 1238 2692 1265 2760; x_wconf 85' lang='lat' dir='ltr'><strong>si</strong></span> 
     </span>
     <span class='ocr_line' id='line_1_24' title="bbox 114 2799 1265 2887; baseline -0.003 -21"><span class='ocrx_word' id='word_1_201' title='bbox 114 2820 191 2866; x_wconf 84' lang='lat' dir='ltr'><strong>vero</strong></span> <span class='ocrx_word' id='word_1_202' title='bbox 214 2800 346 2867; x_wconf 85' lang='lat' dir='ltr'><strong>deseras</strong></span> <span class='ocrx_word' id='word_1_203' title='bbox 369 2822 420 2866; x_wconf 93' lang='lat' dir='ltr'><strong>me</strong></span> <span class='ocrx_word' id='word_1_204' title='bbox 443 2802 477 2866; x_wconf 90' lang='lat' dir='ltr'><strong>in</strong></span> <span class='ocrx_word' id='word_1_205' title='bbox 499 2803 563 2868; x_wconf 90' lang='lat' dir='ltr'><strong>ista</strong></span> <span class='ocrx_word' id='word_1_206' title='bbox 586 2800 724 2887; x_wconf 88' lang='lat' dir='ltr'><strong>perfidia</strong></span> <span class='ocrx_word' id='word_1_207' title='bbox 747 2802 986 2886; x_wconf 85' lang='lat' dir='ltr'><strong>impressorum,</strong></span> <span class='ocrx_word' id='word_1_208' title='bbox 1009 2821 1075 2866; x_wconf 91' lang='lat' dir='ltr'><strong>non</strong></span> <span class='ocrx_word' id='word_1_209' title='bbox 1091 2802 1194 2867; x_wconf 90' lang='lat' dir='ltr'><strong>solum</strong></span> <span class='ocrx_word' id='word_1_210' title='bbox 1207 2799 1265 2878; x_wconf 91' lang='lat' dir='ltr'><strong>tibi,</strong></span> 
     </span>
     <span class='ocr_line' id='line_1_25' title="bbox 114 2905 1265 2991; baseline -0.002 -19"><span class='ocrx_word' id='word_1_211' title='bbox 114 2905 173 2972; x_wconf 89' lang='lat' dir='ltr'><strong>sed</strong></span> <span class='ocrx_word' id='word_1_212' title='bbox 202 2907 350 2973; x_wconf 91' lang='lat' dir='ltr'><strong>omnibus</strong></span> <span class='ocrx_word' id='word_1_213' title='bbox 380 2907 573 2991; x_wconf 90' lang='lat' dir='ltr'><strong>optimarum</strong></span> <span class='ocrx_word' id='word_1_214' title='bbox 602 2906 770 2972; x_wconf 89' lang='lat' dir='ltr'><strong>literarum</strong></span> <span class='ocrx_word' id='word_1_215' title='bbox 798 2906 951 2971; x_wconf 84' lang='lat' dir='ltr'><strong>studiosis</strong></span> <span class='ocrx_word' id='word_1_216' title='bbox 975 2905 1168 2972; x_wconf 87' lang='lat' dir='ltr'><strong>damnorum</strong></span> <span class='ocrx_word' id='word_1_217' title='bbox 1189 2925 1265 2972; x_wconf 81' lang='lat' dir='ltr'><strong>occa</strong></span> 
     </span>
     <span class='ocr_line' id='line_1_26' title="bbox 114 3010 1264 3101; baseline 0.002 -25"><span class='ocrx_word' id='word_1_218' title='bbox 114 3012 161 3078; x_wconf 88' lang='lat' dir='ltr'><strong>sio</strong></span> <span class='ocrx_word' id='word_1_219' title='bbox 178 3013 250 3078; x_wconf 87' lang='lat' dir='ltr'><strong>eris.</strong></span> <span class='ocrx_word' id='word_1_220' title='bbox 281 3012 361 3078; x_wconf 87' lang='lat' dir='ltr'><strong>Juro</strong></span> <span class='ocrx_word' id='word_1_221' title='bbox 372 3012 457 3101; x_wconf 88' lang='lat' dir='ltr'><strong>enim</strong></span> <span class='ocrx_word' id='word_1_222' title='bbox 471 3012 540 3091; x_wconf 86' lang='lat' dir='ltr'><strong>tibi,</strong></span> <span class='ocrx_word' id='word_1_223' title='bbox 562 3012 647 3096; x_wconf 89' lang='lat' dir='ltr'><strong>quod</strong></span> <span class='ocrx_word' id='word_1_224' title='bbox 664 3013 819 3096; x_wconf 90' lang='lat' dir='ltr'><strong>deceptus</strong></span> <span class='ocrx_word' id='word_1_225' title='bbox 836 3033 894 3094; x_wconf 84' lang='lat' dir='ltr'><strong>ego</strong></span> <span class='ocrx_word' id='word_1_226' title='bbox 909 3011 1064 3076; x_wconf 86' lang='lat' dir='ltr'><strong>resistere</strong></span> <span class='ocrx_word' id='word_1_227' title='bbox 1080 3031 1144 3076; x_wconf 92' lang='lat' dir='ltr'><strong>non</strong></span> <span class='ocrx_word' id='word_1_228' title='bbox 1160 3010 1264 3096; x_wconf 86' lang='lat' dir='ltr'><strong>possim</strong></span> 
     </span>
     <span class='ocr_line' id='line_1_27' title="bbox 114 3115 1265 3201; baseline -0.001 -20"><span class='ocrx_word' id='word_1_229' title='bbox 114 3117 191 3199; x_wconf 89' lang='lat' dir='ltr'><strong>quin</strong></span> <span class='ocrx_word' id='word_1_230' title='bbox 214 3137 266 3181; x_wconf 91' lang='lat' dir='ltr'><strong>ma</strong></span> <span class='ocrx_word' id='word_1_231' title='bbox 285 3117 406 3181; x_wconf 86' lang='lat' dir='ltr'><strong>taedeat</strong></span> <span class='ocrx_word' id='word_1_232' title='bbox 428 3117 551 3201; x_wconf 87' lang='lat' dir='ltr'><strong>aliquid</strong></span> <span class='ocrx_word' id='word_1_233' title='bbox 573 3116 716 3182; x_wconf 85' lang='lat' dir='ltr'><strong>scribere</strong></span> <span class='ocrx_word' id='word_1_234' title='bbox 740 3139 797 3182; x_wconf 91' lang='lat' dir='ltr'><strong>seu</strong></span> <span class='ocrx_word' id='word_1_235' title='bbox 822 3117 927 3196; x_wconf 88' lang='lat' dir='ltr'><strong>edere,</strong></span> <span class='ocrx_word' id='word_1_236' title='bbox 951 3115 1038 3200; x_wconf 90' lang='lat' dir='ltr'><strong>quod</strong></span> <span class='ocrx_word' id='word_1_237' title='bbox 1063 3117 1106 3180; x_wconf 88' lang='lat' dir='ltr'><strong>sit</strong></span> <span class='ocrx_word' id='word_1_238' title='bbox 1129 3123 1200 3182; x_wconf 89' lang='lat' dir='ltr'><strong>arte</strong></span> <span class='ocrx_word' id='word_1_239' title='bbox 1219 3116 1265 3180; x_wconf 90' lang='lat' dir='ltr'><strong>im·</strong></span> 
     </span>
     <span class='ocr_line' id='line_1_28' title="bbox 113 3221 1266 3307; baseline 0 -22"><span class='ocrx_word' id='word_1_240' title='bbox 113 3222 278 3305; x_wconf 87' lang='lat' dir='ltr'><strong>pressoria</strong></span> <span class='ocrx_word' id='word_1_241' title='bbox 300 3221 441 3304; x_wconf 83' lang='lat' dir='ltr'><strong>dignum,</strong></span> <span class='ocrx_word' id='word_1_242' title='bbox 466 3223 612 3306; x_wconf 88' lang='lat' dir='ltr'><strong>quamvis</strong></span> <span class='ocrx_word' id='word_1_243' title='bbox 629 3223 728 3287; x_wconf 90' lang='lat' dir='ltr'><strong>sciam</strong></span> <span class='ocrx_word' id='word_1_244' title='bbox 743 3224 868 3288; x_wconf 88' lang='lat' dir='ltr'><strong>senium</strong></span> <span class='ocrx_word' id='word_1_245' title='bbox 883 3243 992 3287; x_wconf 87' lang='lat' dir='ltr'><strong>meum</strong></span> <span class='ocrx_word' id='word_1_246' title='bbox 1007 3223 1266 3307; x_wconf 86' lang='lat' dir='ltr'><strong>appropinquare,</strong></span> 
     </span>
     <span class='ocr_line' id='line_1_29' title="bbox 114 3325 1265 3412; baseline 0.002 -21"><span class='ocrx_word' id='word_1_247' title='bbox 114 3347 174 3391; x_wconf 91' lang='lat' dir='ltr'><strong>nec</strong></span> <span class='ocrx_word' id='word_1_248' title='bbox 190 3346 261 3391; x_wconf 89' lang='lat' dir='ltr'><strong>esse</strong></span> <span class='ocrx_word' id='word_1_249' title='bbox 278 3347 362 3391; x_wconf 91' lang='lat' dir='ltr'><strong>nunc</strong></span> <span class='ocrx_word' id='word_1_250' title='bbox 378 3325 411 3391; x_wconf 94' lang='lat' dir='ltr'><strong>in</strong></span> <span class='ocrx_word' id='word_1_251' title='bbox 427 3327 535 3410; x_wconf 88' lang='lat' dir='ltr'><strong>patria</strong></span> <span class='ocrx_word' id='word_1_252' title='bbox 551 3327 740 3408; x_wconf 86' lang='lat' dir='ltr'><strong>Germaniae,</strong></span> <span class='ocrx_word' id='word_1_253' title='bbox 757 3329 813 3412; x_wconf 92' lang='lat' dir='ltr'><strong>qui</strong></span> <span class='ocrx_word' id='word_1_254' title='bbox 828 3328 868 3393; x_wconf 92' lang='lat' dir='ltr'><strong>de</strong></span> <span class='ocrx_word' id='word_1_255' title='bbox 884 3327 1042 3392; x_wconf 84' lang='lat' dir='ltr'><strong>varietate</strong></span> <span class='ocrx_word' id='word_1_256' title='bbox 1060 3326 1265 3393; x_wconf 81' lang='lat' dir='ltr'><strong>doctrinarum</strong></span> 
     </span>
    </p>
   </div>
   <div class='ocr_carea' id='block_1_3' title="bbox 113 3430 1265 3932">
    <p class='ocr_par' dir='ltr' id='par_1_3' title="bbox 113 3430 1265 3932">
     <span class='ocr_line' id='line_1_30' title="bbox 114 3430 1265 3518; baseline -0.001 -23"><span class='ocrx_word' id='word_1_257' title='bbox 114 3451 241 3495; x_wconf 91' lang='lat' dir='ltr'><strong>mecum</strong></span> <span class='ocrx_word' id='word_1_258' title='bbox 270 3432 373 3513; x_wconf 90' lang='lat' dir='ltr'><strong>possit</strong></span> <span class='ocrx_word' id='word_1_259' title='bbox 403 3438 540 3498; x_wconf 90' lang='lat' dir='ltr'><strong>certare.</strong></span> <span class='ocrx_word' id='word_1_260' title='bbox 589 3433 794 3518; x_wconf 89' lang='lat' dir='ltr'><strong>Scripturum</strong></span> <span class='ocrx_word' id='word_1_261' title='bbox 823 3433 919 3518; x_wconf 90' lang='lat' dir='ltr'><strong>plura</strong></span> <span class='ocrx_word' id='word_1_262' title='bbox 948 3432 1065 3497; x_wconf 86' lang='lat' dir='ltr'><strong>charta</strong></span> <span class='ocrx_word' id='word_1_263' title='bbox 1087 3454 1140 3498; x_wconf 89' lang='lat' dir='ltr'><strong>me</strong></span> <span class='ocrx_word' id='word_1_264' title='bbox 1163 3430 1265 3499; x_wconf 77' lang='lat' dir='ltr'><strong>delicit</strong></span> 
     </span>
     <span class='ocr_line' id='line_1_31' title="bbox 114 3535 1265 3624; baseline -0.002 -23"><span class='ocrx_word' id='word_1_265' title='bbox 114 3535 195 3601; x_wconf 88' lang='lat' dir='ltr'><strong>Vale</strong></span> <span class='ocrx_word' id='word_1_266' title='bbox 224 3535 376 3616; x_wconf 83' lang='lat' dir='ltr'><strong>feliciter,</strong></span> <span class='ocrx_word' id='word_1_267' title='bbox 414 3536 623 3605; x_wconf 88' lang='lat' dir='ltr'><strong>dilectissime</strong></span> <span class='ocrx_word' id='word_1_268' title='bbox 652 3537 884 3604; x_wconf 86' lang='lat' dir='ltr'><strong>Amorbacchie</strong></span> <span class='ocrx_word' id='word_1_269' title='bbox 907 3539 930 3601; x_wconf 72' lang='lat'><strong>4.</strong></span> <span class='ocrx_word' id='word_1_270' title='bbox 981 3538 1031 3602; x_wconf 84' lang='lat' dir='ltr'><strong>Ex</strong></span> <span class='ocrx_word' id='word_1_271' title='bbox 1060 3537 1265 3624; x_wconf 82' lang='lat' dir='ltr'><strong>Tiibingen‘l</strong></span> 
     </span>
     <span class='ocr_line' id='line_1_32' title="bbox 113 3634 1006 3726; baseline 0.003 -18"><span class='ocrx_word' id='word_1_272' title='bbox 113 3639 280 3709; x_wconf 87' lang='lat' dir='ltr'><strong>Kalendas</strong></span> <span class='ocrx_word' id='word_1_273' title='bbox 303 3641 425 3726; x_wconf 88' lang='lat' dir='ltr'><strong>apriles</strong></span> <span class='ocrx_word' id='word_1_274' title='bbox 448 3663 532 3709; x_wconf 87' lang='lat' dir='ltr'><strong>anno</strong></span> <span class='ocrx_word' id='word_1_275' title='bbox 559 3649 655 3709; x_wconf 85' lang='lat'>1510.</span> <span class='ocrx_word' id='word_1_276' title='bbox 1003 3634 1006 3638; x_wconf 55' lang='grc'><strong>’</strong></span> 
     </span>
     <span class='ocr_line' id='line_1_33' title="bbox 605 3747 1231 3816; baseline -0.006 0"><span class='ocrx_word' id='word_1_277' title='bbox 605 3750 657 3816; x_wconf 88' lang='lat' dir='ltr'><strong>Jo.</strong></span> <span class='ocrx_word' id='word_1_278' title='bbox 681 3747 836 3815; x_wconf 89' lang='lat' dir='ltr'><strong>Reuchlin</strong></span> <span class='ocrx_word' id='word_1_279' title='bbox 859 3748 1051 3814; x_wconf 89' lang='lat' dir='ltr'><strong>Pboroensis</strong></span> <span class='ocrx_word' id='word_1_280' title='bbox 1076 3748 1140 3813; x_wconf 88' lang='lat' dir='ltr'><strong>LL.</strong></span> <span class='ocrx_word' id='word_1_281' title='bbox 1166 3748 1231 3814; x_wconf 90' lang='lat' dir='ltr'><strong>doc.</strong></span> 
     </span>
     <span class='ocr_line' id='line_1_34' title="bbox 200 3856 1232 3932; baseline -0.003 -14"><span class='ocrx_word' id='word_1_282' title='bbox 200 3858 303 3919; x_wconf 89' lang='lat' dir='ltr'><strong>Basler</strong></span> <span class='ocrx_word' id='word_1_283' title='bbox 318 3859 571 3918; x_wconf 84' lang='lat' dir='ltr'><strong>universitttsbibl.</strong></span> <span class='ocrx_word' id='word_1_284' title='bbox 588 3859 742 3919; x_wconf 89' lang='lat' dir='ltr'><strong>bandscbr.</strong></span> <span class='ocrx_word' id='word_1_285' title='bbox 762 3858 788 3917; x_wconf 88' lang='lat' dir='ltr'><strong>G</strong></span> <span class='ocrx_word' id='word_1_286' title='bbox 802 3859 830 3917; x_wconf 93' lang='grc' dir='ltr'><strong>ΙΙ</strong></span> <span class='ocrx_word' id='word_1_287' title='bbox 848 3861 907 3917; x_wconf 71' lang='lat' dir='ltr'><strong>13a</strong></span> <span class='ocrx_word' id='word_1_288' title='bbox 923 3873 984 3916; x_wconf 87' lang='lat' dir='ltr'><strong>nro.</strong></span> <span class='ocrx_word' id='word_1_289' title='bbox 1005 3859 1044 3916; x_wconf 87' lang='grc'><strong>61</strong></span> <span class='ocrx_word' id='word_1_290' title='bbox 1062 3856 1232 3932; x_wconf 75' lang='lat' dir='ltr'><strong>autograpb</strong></span> 
     </span>
    </p>
   </div>
   <div class='ocr_carea' id='block_1_4' title="bbox 689 4030 707 4068">
    <p class='ocr_par' dir='ltr' id='par_1_4' title="bbox 689 4030 707 4068">
     <span class='ocr_line' id='line_1_35' title="bbox 689 4030 707 4068; baseline 0 0"><span class='ocrx_word' id='word_1_291' title='bbox 689 4030 707 4068; x_wconf 79' lang='lat'><strong>*</strong></span> 
     </span>
    </p>
   </div>
   <div class='ocr_carea' id='block_1_5' title="bbox 112 4132 1277 4363">
    <p class='ocr_par' dir='ltr' id='par_1_5' title="bbox 112 4132 1277 4363">
     <span class='ocr_line' id='line_1_36' title="bbox 188 4132 1274 4205; baseline -0.002 -20"><span class='ocrx_word' id='word_1_292' title='bbox 188 4140 199 4185; x_wconf 91' lang='lat'>1</span> <span class='ocrx_word' id='word_1_293' title='bbox 219 4135 299 4205; x_wconf 79' lang='lat' dir='ltr'><strong>Cyro]</strong></span> <span class='ocrx_word' id='word_1_294' title='bbox 313 4152 333 4188; x_wconf 92' lang='lat' dir='ltr'><strong>s.</strong></span> <span class='ocrx_word' id='word_1_295' title='bbox 347 4152 372 4188; x_wconf 86' lang='grc' dir='ltr'><strong>ο.</strong></span> <span class='ocrx_word' id='word_1_296' title='bbox 386 4139 419 4186; x_wconf 79' lang='lat'><strong>26</strong></span> <span class='ocrx_word' id='word_1_297' title='bbox 437 4136 498 4186; x_wconf 76' lang='lat' dir='ltr'><strong>don.</strong></span> <span class='ocrx_word' id='word_1_298' title='bbox 516 4139 581 4187; x_wconf 85' lang='grc'><strong>1507</strong></span> <span class='ocrx_word' id='word_1_299' title='bbox 600 4152 656 4188; x_wconf 90' lang='lat' dir='ltr'><strong>nro.</strong></span> <span class='ocrx_word' id='word_1_300' title='bbox 670 4136 840 4186; x_wconf 81' lang='lat' dir='ltr'><strong>Lxxxxvl.</strong></span> <span class='ocrx_word' id='word_1_301' title='bbox 902 4139 915 4184; x_wconf 80' lang='lat'>2</span> <span class='ocrx_word' id='word_1_302' title='bbox 935 4132 1087 4202; x_wconf 84' lang='lat' dir='ltr'><strong>infirmitas]</strong></span> <span class='ocrx_word' id='word_1_303' title='bbox 1108 4132 1274 4200; x_wconf 70' lang='lat' dir='ltr'><strong>vgl.,Reucb·</strong></span> 
     </span>
     <span class='ocr_line' id='line_1_37' title="bbox 112 4218 1275 4290; baseline 0.002 -22"><span class='ocrx_word' id='word_1_304' title='bbox 112 4218 152 4269; x_wconf 89' lang='lat' dir='ltr'><strong>lin</strong></span> <span class='ocrx_word' id='word_1_305' title='bbox 170 4238 191 4272; x_wconf 82' lang='grc'><strong>0.</strong></span> <span class='ocrx_word' id='word_1_306' title='bbox 211 4224 245 4273; x_wconf 88' lang='grc'><strong>50</strong></span> <span class='ocrx_word' id='word_1_307' title='bbox 264 4222 317 4273; x_wconf 86' lang='lat' dir='ltr'><strong>und</strong></span> <span class='ocrx_word' id='word_1_308' title='bbox 336 4225 403 4275; x_wconf 89' lang='lat' dir='ltr'><strong>oben</strong></span> <span class='ocrx_word' id='word_1_309' title='bbox 423 4241 478 4276; x_wconf 87' lang='lat' dir='ltr'><strong>nro.</strong></span> <span class='ocrx_word' id='word_1_310' title='bbox 499 4225 578 4276; x_wconf 85' lang='lat' dir='ltr'>CXII.</span> <span class='ocrx_word' id='word_1_311' title='bbox 648 4227 662 4274; x_wconf 81' lang='lat'><strong>3</strong></span> <span class='ocrx_word' id='word_1_312' title='bbox 682 4223 766 4290; x_wconf 67' lang='lat' dir='ltr'><strong>impe}</strong></span> <span class='ocrx_word' id='word_1_313' title='bbox 786 4221 921 4285; x_wconf 82' lang='lat' dir='ltr'><strong>Ansbelm,</strong></span> <span class='ocrx_word' id='word_1_314' title='bbox 940 4237 1031 4288; x_wconf 79' lang='lat' dir='ltr'><strong>weges</strong></span> <span class='ocrx_word' id='word_1_315' title='bbox 1049 4221 1096 4271; x_wconf 89' lang='lat' dir='ltr'><strong>des</strong></span> <span class='ocrx_word' id='word_1_316' title='bbox 1115 4221 1218 4273; x_wconf 80' lang='lat' dir='ltr'><strong>druclrs</strong></span> <span class='ocrx_word' id='word_1_317' title='bbox 1235 4220 1275 4270; x_wconf 85' lang='lat' dir='ltr'><strong>dat</strong></span> 
     </span>
     <span class='ocr_line' id='line_1_38' title="bbox 113 4304 1277 4363; baseline 0.003 -8"><span class='ocrx_word' id='word_1_318' title='bbox 113 4304 217 4357; x_wconf 83' lang='lat' dir='ltr'><strong>Rudim.</strong></span> <span class='ocrx_word' id='word_1_319' title='bbox 235 4306 309 4360; x_wconf 81' lang='lat' dir='ltr'><strong>bobr.</strong></span> <span class='ocrx_word' id='word_1_320' title='bbox 382 4314 446 4362; x_wconf 84' lang='grc'><strong>4111</strong></span> <span class='ocrx_word' id='word_1_321' title='bbox 465 4312 657 4363; x_wconf 76' lang='lat' dir='ltr'><strong>Amorbscebie</strong></span> <span class='ocrx_word' id='word_1_322' title='bbox 679 4313 724 4362; x_wconf 88' lang='lat' dir='ltr'><strong>hat</strong></span> <span class='ocrx_word' id='word_1_323' title='bbox 743 4311 774 4362; x_wconf 85' lang='lat' dir='ltr'><strong>R.</strong></span> <span class='ocrx_word' id='word_1_324' title='bbox 799 4327 839 4362; x_wconf 86' lang='lat' dir='ltr'><strong>am</strong></span> <span class='ocrx_word' id='word_1_325' title='bbox 864 4310 961 4360; x_wconf 83' lang='lat' dir='ltr'><strong>letateu</strong></span> <span class='ocrx_word' id='word_1_326' title='bbox 984 4308 1152 4360; x_wconf 86' lang='lat' dir='ltr'><strong>buohstaben</strong></span> <span class='ocrx_word' id='word_1_327' title='bbox 1178 4311 1277 4361; x_wconf 53' lang='lat' dir='ltr'><strong>berum„</strong></span> 
     </span>
    </p>
   </div>
   <div class='ocr_carea' id='block_1_6' title="bbox 113 4394 1220 4473">
    <p class='ocr_par' dir='ltr' id='par_1_6' title="bbox 113 4394 1220 4473">
     <span class='ocr_line' id='line_1_39' title="bbox 113 4394 1220 4473; baseline 0.005 -27"><span class='ocrx_word' id='word_1_328' title='bbox 113 4394 260 4473; x_wconf 57' lang='lat' dir='ltr'><strong>corripient,</strong></span> <span class='ocrx_word' id='word_1_329' title='bbox 280 4396 618 4464; x_wconf 75' lang='grc'><strong>1001010110001011100</strong></span> <span class='ocrx_word' id='word_1_330' title='bbox 637 4416 692 4471; x_wconf 78' lang='lat' dir='ltr'><strong>aue,</strong></span> <span class='ocrx_word' id='word_1_331' title='bbox 711 4399 751 4451; x_wconf 84' lang='lat' dir='ltr'><strong>als</strong></span> <span class='ocrx_word' id='word_1_332' title='bbox 770 4400 804 4454; x_wconf 91' lang='lat' dir='ltr'><strong>ob</strong></span> <span class='ocrx_word' id='word_1_333' title='bbox 824 4399 915 4455; x_wconf 80' lang='grc'><strong>0111111</strong></span> <span class='ocrx_word' id='word_1_334' title='bbox 934 4414 1001 4467; x_wconf 80' lang='lat' dir='ltr'><strong>gana</strong></span> <span class='ocrx_word' id='word_1_335' title='bbox 1020 4398 1115 4470; x_wconf 73' lang='lat' dir='ltr'><strong>getilgt</strong></span> <span class='ocrx_word' id='word_1_336' title='bbox 1134 4398 1220 4458; x_wconf 71' lang='grc'><strong>1111110.</strong></span> 
     </span>
    </p>
   </div>
   <div class='ocr_carea' id='block_1_7' title="bbox 0 0 1404 4980">
    <p class='ocr_par' dir='ltr' id='par_1_7' title="bbox 0 0 1404 4980">
     <span class='ocr_line' id='line_1_40' title="bbox 0 0 1404 4980; baseline 0 0"><span class='ocrx_word' id='word_1_337' title='bbox 0 0 1404 4980; x_wconf 95' lang='lat' dir='ltr'><strong> </strong></span> 
     </span>
    </p>
   </div>
  </div>
 </body>
</html>
