2798 4980
676 306 717 373 81

123 493 210 562 debet
243 496 278 562 in
313 517 407 562 omne
442 516 544 563 aevum
576 501 736 581 perpetua
766 493 962 579 gratitudine
984 515 1073 578 mea,
1095 517 1160 563 non
1182 493 1278 564 modo

121 622 191 686 erga
213 607 249 667 te
273 602 330 687 qui
353 602 431 667 mihi
453 608 547 668 tanto
570 601 757 687 adjumento
781 623 851 668 esse
874 601 1021 684 voluisti,
1044 623 1156 670 verum
1179 603 1279 669 etiam

117 707 147 772 in
167 713 248 776 tuos
278 714 311 773 et
341 708 528 774 monasterii
557 707 606 773 tui
636 707 755 772 fratres
785 727 824 772 ac
848 705 901 772 dei
929 728 1055 789 servos,
1082 707 1139 794 qui
1167 713 1279 774 noctes

116 820 213 898 atque
238 813 364 879 diesin
388 813 545 879 creatoris
570 811 725 897 obsequio
748 812 956 879 famulantur.
1003 812 1095 892 Quod
1124 813 1209 881 enim
1231 811 1280 879 illi

114 918 164 984 vel
196 918 334 984 officium
360 918 412 984 vel
440 917 631 985 beneficium
658 918 692 982 in
721 918 800 983 mihi
828 916 1040 1002 gratificando
1068 940 1212 1005 unquam
1232 919 1280 985 in·

114 1025 348 1089 termiserunt?
379 1031 437 1090 aut
466 1045 564 1109 quam
595 1024 830 1090 humanitatem
861 1022 1048 1092 domesticis
1077 1026 1158 1091 meis
1180 1023 1281 1091 ullam

113 1130 297 1213 negarunt?
343 1128 561 1208 Quibuscum
589 1131 622 1194 in
644 1135 712 1195 tam
735 1129 875 1196 molesto
897 1132 964 1199 otio
987 1133 999 1172 ¹
1021 1136 1056 1199 et
1077 1129 1282 1199 bibliotheca
1317 1125 1321 1134 ’

112 1255 194 1299 meae
218 1234 305 1299 tristi
329 1233 478 1300 absentia
506 1234 561 1300 diu
591 1257 718 1301 mecum
746 1236 816 1319 ipse
847 1235 1109 1319 subdubitarem,
1132 1235 1238 1323 qualis
1261 1255 1283 1301 a

111 1360 164 1404 me
189 1339 296 1423 gratia
319 1339 491 1420 referatur,
515 1346 574 1406 tua
595 1362 666 1406 sum
682 1340 910 1408 adhortatione
926 1342 1032 1410 factus
1049 1342 1176 1424 certior,
1199 1339 1281 1406 nihil

112 1443 183 1509 fore
221 1443 308 1528 quod
343 1444 605 1511 adulescentibus
637 1445 702 1512 tuis
735 1445 909 1512 ueletiam
941 1447 1140 1532 provectee⁹
1173 1445 1290 1513 atatis

113 1550 339 1616 sacerdotibus
379 1550 420 1615 ad
460 1551 619 1634 regendas
650 1551 822 1635 parochias
851 1550 872 1632 ³,
913 1573 1051 1637 quarum
1089 1551 1150 1618 tibi
1188 1551 1283 1635 copia

112 1660 172 1735 est,
196 1655 299 1738 magis
323 1655 504 1721 conducere
527 1655 645 1741 possit,
670 1677 767 1740 quam
790 1655 819 1722 si
840 1654 874 1722 id
897 1677 1060 1737 curarem,
1084 1655 1176 1722 utin
1208 1659 1281 1721 arte

111 1760 312 1844 praedicandi
340 1760 517 1827 evaderent
539 1782 636 1847 quam
665 1761 851 1828 doctissimi.
897 1762 972 1828 Feci
998 1761 1100 1846 igitur
1134 1758 1221 1845 quod
1249 1761 1283 1826 in

112 1873 181 1933 tam
206 1872 358 1951 suspecta
378 1872 573 1952 tempestate
598 1867 652 1933 vel·
668 1867 766 1952 praa4
788 1867 916 1949 timore,
940 1866 992 1935 vel
1016 1886 1151 1932 maerore
1181 1865 1283 1951 potui,

116 1977 154 2038 nt
182 1993 248 2038 una
276 1972 563 2039 lucubraciuncula
595 1973 663 2039 heco
681 1962 733 2038 ⁸de
763 1978 834 2039 arte
863 1971 1064 2058 praedicandi
1088 1970 1284 2039 documenta

118 2099 334 2162 congererem,
359 2100 430 2163 quae
454 2079 714 2146 adolescentibus
737 2078 803 2144 tuis
826 2079 899 2146 viva
920 2099 998 2146 voce
1029 2077 1225 2158 declamavi,
1248 2082 1287 2143 ut

118 2191 304 2249 crescerent
330 2185 464 2250 tandem
491 2186 524 2250 in
557 2187 644 2251 viros
668 2184 883 2269 evangelicos,
916 2205 1053 2269 quorum
1077 2182 1285 2251 sermonibus

118 2288 210 2373 plebs
241 2289 285 2354 ad
308 2289 457 2357 meliores
485 2312 591 2357 mores
620 2295 872 2357 converteretur.
918 2291 1038 2376 Accipe
1060 2289 1160 2375 igitur
1183 2284 1281 2355 hoc‘

120 2394 345 2461 munusculum
356 2402 449 2479 grato
461 2397 577 2477 animo,
594 2396 689 2480 quod,
707 2416 891 2480 quanquam
901 2395 1029 2481 parvo⁶
1045 2400 1136 2461 extat
1150 2414 1285 2479 eorpme

120 2505 228 2567 tamen
251 2521 325 2565 mea
349 2503 512 2568 sententia
535 2501 658 2568 lucebit
677 2500 881 2586 plurimum⁷
904 2500 1086 2568 virtutibus.
1123 2499 1207 2570 Vale
1221 2499 1287 2566 Ka·

121 2605 222 2674 lendis
246 2607 423 2674 (Ianuariis.
470 2609 563 2674 Anno
589 2613 684 2674 1503.

342 2909 540 2989 Udalricus
559 2914 575 2967 8
593 2796 790 2986 Charintas
809 2906 858 2984 ad
875 2906 1067 2982 Lectorem

334 3059 409 3124 Arte,
428 3058 518 3124 modo,
538 3056 626 3109 officio
645 3060 686 3109 vis
706 3056 854 3108 declamare
873 3051 1008 3106 sacerdos.

370 3149 476 3214 Prisco,
494 3163 528 3201 ne
547 3147 635 3216 fugias
654 3160 712 3213 quaa
732 3144 809 3198 docet
826 3145 876 3197 iste
894 3141 972 3198 libet.

518 3352 864 3546 Georgius·symler
883 3439 899 3491 ⁹

338 3610 373 3662 Ut
390 3609 477 3677 possis
497 3615 558 3660 totae
575 3615 713 3676 penetrare
731 3609 845 3660 silentia
863 3607 954 3659 turbo.

374 3699 506 3765 (irataque
522 3704 648 3766 suggesto
667 3696 755 3748 dicere
773 3696 855 3751 verba
871 3695 957 3764 gregi,

706 3855 725 3896 ²1³

200 3975 211 4022 1
232 3972 310 4019 tanto
334 3965 444 4017 molesto
464 3967 488 4016 3.
562 3968 577 4015 1
596 3962 721 4030 profecta
739 3963 764 4013 3.
838 3962 853 4010 3
878 3956 1029 4026 periochiae
1049 3957 1072 4006 1.
1090 3948 1249 4004 Parrcchiae
1267 3953 1293 4004 8.

128 4057 252 4124 lvclpre
274 4060 297 4107 1.
353 4054 487 4120 ddccipe
507 4068 569 4118 ergo
588 4053 639 4104 hoc
658 4053 686 4101 in
705 4052 777 4101 mim.
791 4051 815 4100 3.
871 4043 998 4112 bparro]
1017 4042 1147 4109 parumn.
1201 4035 1313 4105 lplu·¹

128 4146 223 4196 timum
240 4143 345 4195 lucebit
363 4144 388 4192 3.
453 4144 468 4193 8
488 4141 628 4192 Uldarious
649 4145 673 4190 2,
700 4123 774 4189 llber
791 4135 827 4187 U.
847 4135 895 4186 ch.
914 4135 951 4184 ist
968 4132 1018 4182 mir
1035 4127 1122 4179 nichts
1140 4126 1233 4178 weiter
1250 4125 1295 4178 be·

128 4231 219 4284 kannt
273 4230 412 4295 9Georgii
434 4235 455 4280 1.
476 4229 571 4280 Simler
590 4234 614 4280 2.
647 4228 671 4277 S.
691 4225 751 4293 geb.
771 4226 799 4274 in
812 4221 952 4287 Wimplen,
971 4217 1060 4268 rehtor
1078 4215 1124 4266 der
1141 4214 1187 4267 lat
1203 4211 1296 4265 nebule

128 4321 157 4372 in
175 4320 342 4382 Plornheim,
368 4333 420 4368 ron
442 4318 507 4368 1511
535 4317 602 4384 prol.
622 4315 667 4366 der
685 4314 774 4366 rechtc
792 4312 820 4363 in
839 4307 989 4374 Tbbingan.
1027 4300 1188 4356 Literariech
1205 4300 1251 4352 hat
1268 4314 1298 4350 er

128 4410 189 4463 sich
214 4406 298 4460 durch
323 4405 401 4458 einen
426 4412 585 4459 commentar
611 4420 643 4456 au
661 4397 807 4455 Redchlina
826 4396 949 4466 Sergius,
974 4394 1020 4449 der
1043 4397 1130 4445 suerat
1151 4389 1217 4441 1507
1242 4383 1297 4439 und

157 4521 301 4566 nonanus
1071 4483 1089 4541 6
