2798 4980
665 355 732 422 264

113 546 312 634 procedunt,
344 555 433 613 amet
463 546 634 613 00001001
673 547 780 624 Quare
809 543 1013 627 0100000000,
1037 553 1075 613 00
1096 544 1185 612 illum
1201 546 1256 632 jure

114 653 348 739 hospitalitatis
373 654 533 737 suscipias
563 673 722 737 perquam
749 651 950 732 humaniter,
981 653 1034 718 001
1066 657 1101 718 00
1131 656 1256 719 tuamet

113 758 208 824 abba
232 759 360 825 nostri¹
385 758 540 824 virtutem
563 758 610 823 ita
633 756 853 822 commendavi
877 757 926 824 nti
949 763 1001 823 est
1022 756 1058 823 id
1081 749 1132 824 est
1151 756 1256 822 maximi

115 863 177 929 feci
201 886 299 949 quam
322 863 472 929 laudibus
496 863 582 948 apud
615 867 743 928 exteros
776 861 942 928 celebrare
972 867 1081 947 queat.
1124 862 1255 928 100000

116 990 190 1034 mea
212 970 359 1035 Romana
389 969 590 1034 diffinitivam
625 967 820 1034 sententiam
853 972 988 1051 propter
1025 967 1256 1033 adversariorum

116 1076 298 1159 potentiam
321 1096 505 1159 quanquam
537 1074 638 1139 ferme
662 1080 738 1138 ante
762 1094 882 1138 annum
905 1071 1121 1138 conclusam²
1141 1071 1255 1138 nondun

116 1178 238 1260 habeo,
266 1184 411 1245 attamen
442 1180 589 1264 quotidie
620 1179 733 1244 amicis
764 1200 804 1244 ex
826 1177 907 1244 urbe
931 1178 1119 1245 consolatus
1148 1181 1255 1262 experto

115 1282 223 1363 breui,
261 1304 332 1368 quae
368 1306 441 1351 cum
476 1286 603 1351 venerit
630 1285 717 1350 hand
748 1284 833 1350 clam
867 1290 900 1349 te
924 1284 998 1350 erit.
1044 1284 1158 1350 1101000
1177 1289 1254 1366 tuque

118 1389 286 1474 abbasque
309 1412 410 1456 meus.
458 1390 647 1475 Stntgardie
669 1391 780 1456 Idibus
808 1389 1046 1456 Novembribus
1077 1391 1253 1456 00001510.

205 1515 408 1577 Handschrift:
433 1518 469 1576 N.
491 1516 644 1591 Ellenbogi
666 1517 851 1591 epistolarum
877 1516 944 1576 libri
974 1516 1029 1590 IX,
1058 1511 1251 1576 0000101111.

117 1621 185 1696 imp.
210 1621 278 1682 Par.
296 1622 357 1681 eod.
376 1624 425 1681 lat.
446 1625 543 1696 8643,
561 1624 617 1682 rol.
635 1624 658 1697 Ι,
676 1624 724 1683 lib.
743 1625 772 1697 3,
789 1625 872 1699 epist.
891 1620 1009 1697 20001.
1027 1616 1097 1683 251».

608 1847 792 1915 CCXXXII.
914 1875 918 1881 ·

118 1934 331 2001 (ottenbeuren.)
1062 1938 1139 2002 (1100.
1159 1933 1229 1998 lato.)

167 2025 297 2100 Frater
323 2024 502 2099 Nicolaus
530 2024 717 2125 Ellenbog
744 2022 884 2100 Joanni
910 2023 1097 2123 Reuchlin
1124 2025 1159 2101 S.
1183 2024 1219 2097 D.
1260 2026 1262 2031 ’

210 2173 394 2256 Praeceptor
425 2171 558 2238 colende
591 2173 704 2238 literae
735 2177 809 2238 tuas
840 2170 985 2255 proxime
1017 2171 1061 2237 ad
1095 2193 1146 2238 me
1177 2169 1254 2244 (10000,

120 2297 180 2359 per
204 2275 282 2340 e0s³
305 2277 362 2360 qui
384 2298 404 2340 a
428 2276 616 2343 doctissimo
640 2280 775 2343 Erasmo
799 2282 910 2342 nostro
933 2277 1151 2344 Boterodam'o
1177 2275 1215 2342 ad
1234 2279 1256 2337 te

124 2379 215 2444 missi
246 2380 378 2446 fuerant
406 2383 547 2447 maxima
570 2383 738 2467 uoluptate
762 2383 889 2466 accepi,
919 2382 1088 2467 01000000,
1115 2388 1152 2448 00
1174 2377 1258 2466 petisti

122 2484 302 2550 liberaliter
333 2489 476 2571 suscepi,
507 2495 575 2552 tum
598 2492 635 2553 ut
668 2496 732 2553 000
761 2484 962 2571 gratificarer
990 2487 1258 2567 humanitatum

122 2597 159 2654 ut
193 2590 328 2655 Erasmo
368 2592 584 2658 Boterodamo
620 2615 640 2658 a
671 2614 733 2678 quo
768 2615 831 2658 non
868 2593 1090 2678 injucundus4
1122 2594 1173 2659 vix
1205 2595 1259 2657 ante

121 2716 239 2761 annum
263 2698 374 2781 accepi
405 2698 517 2763 literas
548 2700 650 2764 amice
679 2699 919 2783 responderem.
967 2700 1087 2765 Verum
1118 2705 1155 2764 nt
1174 2713 1259 2764 verum

121 2799 243 2881 fatear,
271 2803 362 2867 fuere
385 2805 480 2869 ambo
506 2803 592 2887 digni
615 2806 702 2870 omni
730 2800 940 2871 humanitatis
963 2803 1130 2889 obsequio.
1173 2801 1260 2870 Senior

122 2908 207 2970 enirn
246 2907 428 2991 theologiae.
451 2908 566 2974 doctor
597 2932 617 2974 a
645 2909 774 2995 juniore
808 2901 1016 2995 predicatur
1036 2916 1070 2975 et
1109 2930 1183 2976 sane
1211 2905 1260 2990 ejus

122 3010 270 3077 doctrina
304 3013 346 3077 ab
376 3014 436 3079 hac
460 3015 615 3098 dignitate
651 3038 713 3081 non
747 3016 909 3082 abhorret.
963 3015 1086 3080 Junior
1115 3035 1186 3080 vero
1217 3027 1258 3096 pro

122 3124 219 3182 aetate
240 3139 299 3184 sua
323 3120 424 3184 musis
447 3121 603 3186 incumbit
620 3128 653 3187 et
675 3122 765 3206 poesi
788 3121 1002 3204 oratoriaque
1026 3125 1117 3185 totus
1131 3115 1258 3202 invigilat

121 3222 266 3307 Reliquit
297 3225 475 3309 quinetiam
511 3226 623 3291 abbati
657 3232 770 3292 nostro
804 3226 946 3291 earmina
978 3246 1043 3291 non
1077 3224 1204 3309 illepide
1230 3215 1259 3285 ad

120 3326 275 3393 honorem
299 3350 323 3393 s.
346 3330 449 3413 patris
477 3333 580 3396 nostri
603 3332 778 3405 Benedicti.
816 3330 879 3398 Sed
902 3330 983 3414 quid
1003 3331 1121 3415 plura?
1143 3320 1259 3396 Tractati

123 3439 199 3496 sunt
228 3433 270 3497 ab
293 3435 412 3500 abbate
443 3458 515 3501 meo
544 3445 613 3502 tum
642 3438 682 3502 ob
713 3437 852 3523 gratiam
882 3436 945 3515 tui,
983 3442 1054 3501 tum
1084 3434 1126 3502 ob
1155 3434 1258 3501 illorum

124 3535 304 3602 doctrinam
328 3548 361 3605 et
384 3542 599 3607 eruditionem
629 3543 736 3609 triduo
764 3542 951 3608 lautissime.
998 3541 1081 3607 Dedi
1112 3536 1258 3626 quinetiam

122 3641 169 3708 eis
193 3641 305 3710 literas
328 3646 371 3709 ad
393 3648 564 3730 priorem-⁵
597 3651 701 3714 sancti
724 3647 831 3733 magni
852 3649 885 3713 in
908 3646 1057 3713 saucibus
1087 3647 1143 3733 qui
1163 3651 1196 3710 nt
1213 3657 1257 3706 non

121 3746 245 3826 dubito,
263 3749 492 3818 humanissime
516 3775 571 3820 000
601 3757 752 3839 suscepit.
785 3754 944 3819 Caeterum
968 3752 1055 3837 quod
1075 3751 1185 3819 scribis
1204 3764 1257 3813 cau·

95 3875 191 3941 <sam
214 3862 304 3920 tuam
332 3857 441 3921 Romae
466 3880 537 3924 0000
560 3859 739 3940 definitam,
769 3859 829 3924 tibi
856 3859 973 3923 mirum
995 3857 1029 3922 in
1058 3857 1185 3924 modum
1206 3869 1257 3936 gra·

41 4004 49 4012 -
119 3960 215 4038 tulor,
232 3968 277 4040 tn,
301 3961 404 4041 velim,
428 3963 484 4029 ubi
509 3986 579 4030 eam
603 3966 797 4032 sententiam
820 3964 861 4035 ad
885 3963 1014 4049 plenum
1026 3961 1256 4040 extorseram

696 4093 712 4130 ’l‘

193 4183 201 4226 1
225 4177 307 4229 Abba
319 4180 412 4248 nostri]
425 4181 565 4233 Leouhard
580 4184 753 4235 Widenmann
767 4202 788 4236 s.
803 4202 827 4236 0.
893 4188 906 4232 2
926 4182 1059 4235 Conclusa
1075 4188 1096 4237 1.
1161 4183 1175 4230 8
1191 4175 1257 4224 Viros·

119 4265 178 4332 qne]
192 4266 321 4316 Reuchlin
335 4268 407 4318 hatte
426 4269 493 4319 oben
507 4287 557 4321 nur
568 4289 619 4321 von
639 4274 722 4323 einern
736 4274 908 4341 gesprochen.
982 4277 998 4322 4
1017 4273 1066 4322 Am
1079 4270 1156 4322 rand:
1181 4262 1258 4317 nont

121 4353 136 4400 0
157 4353 238 4419 Prior]
264 4355 357 4404 Gallus
375 4357 525 4423 Kneringer
549 4361 576 4408 in
596 4358 696 4429 Fiilien.
733 4361 889 4412 Zahlreiohe
914 4360 1074 4420 1001010000
1101 4360 1154 4412 ihm
1177 4351 1258 4406 undu

119 4439 163 4489 ihn
183 4440 242 4491 sind
263 4441 354 4495 iader
374 4447 523 4496 erwiihnten
544 4447 761 4518 brieisammlung
781 4449 905 4502 erhalton.
