2798 4980
608 322 724 386 ’38

118 513 306 596 theilungen
332 511 415 578 iiber
446 512 533 578 00100
562 511 749 596 poetischen
781 510 887 576 werke
913 512 923 549 ¹
947 510 1012 575 und
1044 511 1144 576 deren
1171 509 1287 576 berah-

118 618 208 702 lung3
233 639 291 702 ego
314 639 335 682 a
358 619 458 684 musis
482 618 515 682 in
539 617 692 684 verbosas
715 616 803 701 leges
824 615 931 682 incidi.
954 617 1004 681 Ex
1019 616 1157 696 Basilea,
1173 615 1288 701 quinto

117 723 164 789 Id.
188 724 259 789 Jan.
284 723 336 790 die
360 745 389 789 a.
415 729 510 790 1494.

207 831 369 892 Gedruclrt:
401 834 478 889 1=
495 832 526 892 C.
543 850 570 893 v.
588 847 612 890 0.
632 847 648 890 0
666 826 772 906 1bfg.;
799 834 817 891 2
842 851 884 883 =
906 831 935 890 J.
952 847 979 890 v.
996 828 1052 891 ef
1066 826 1118 905 4¹³3
1145 833 1163 892 3
1186 852 1231 887 =
1253 830 1285 892 0.

116 932 428 1012 uessfflssffim

655 1093 750 1161 XLV.

188 1193 341 1264 Strassburg.
1035 1201 1067 1248 27
1087 1198 1151 1249 dan.
1171 1201 1250 1250 1494.

22 1380 26 1388 .
116 1319 281 1394 ioannes
301 1317 347 1391 de
360 1317 624 1418 Keisersperg²
638 1319 775 1392 Doctor
793 1318 991 1418 theologiae
1010 1330 1045 1391 et
1062 1319 1287 1419 praedicator

230 1440 393 1515 ecclesiae
413 1441 679 1540 argentinensis
698 1442 724 1516 J
726 1440 839 1514 oanni
857 1440 1040 1516 Reuchlin
1059 1441 1096 1516 S.
1117 1438 1162 1515 D.

203 1617 327 1683 Eximie
359 1620 494 1698 Doctor,
525 1620 552 1683 si
586 1637 668 1703 ques
698 1617 786 1703 apud
816 1624 849 1683 te
872 1619 910 1682 D.
934 1618 1022 1683 Petri
1052 1616 1168 1684 Schott
1192 1623 1284 1686 10000

114 1723 278 1808 epistolas,
301 1745 357 1789 eas
378 1723 457 1788 milri
479 1723 610 1789 mittere
626 1723 767 1807 digneris
791 1722 812 1788 ³.
836 1722 994 1807 Colligere
1017 1722 1102 1788 enim
1117 1723 1285 1791 undecun-

114 1850 177 1914 que
200 1829 287 1894 nitor
310 1835 343 1894 et
366 1828 487 1894 multas
505 1829 576 1913 jam
600 1827 715 1912 collegi
738 1849 776 1894 ac
798 1829 831 1893 in
855 1850 954 1893 unum
969 1828 1118 1894 volumen
1135 1829 1284 1914 redigere

115 1933 215 2000 statui
238 1934 496 2017 imprimendum.
544 1934 646 2017 Ajunt
668 1934 752 1999 enim
768 1933 816 1998 illi
833 1934 888 2017 qui
904 1954 1015 1998 earum
1035 1955 1144 1999 rerum
1160 1933 1285 2001 habeut

114 2040 266 2123 peritiam
302 2059 358 2104 eas
394 2037 531 2104 colleetu
560 2038 630 2104 fore
661 2037 773 2122 dignas
804 2045 903 2122 atque
936 2038 1163 2123 divulgatione.
1215 2040 1284 2123 Ego

113 2144 209 2227 plane
233 2164 297 2209 non
320 2143 473 2227 intelligo,
497 2143 570 2209 ideo
594 2165 698 2228 neque
717 2142 838 2228 judico,
863 2143 920 2209 sed
944 2145 1057 2227 peritis
1080 2144 1284 2210 aestimatori-

687 2273 705 2311 111

114 2361 226 2413 Strassb.
254 2365 328 2423 1488,
347 2362 378 2409 4⁰
403 2360 449 2411 101.
469 2363 504 2425 6),
528 2361 652 2412 eusdem
675 2361 719 2413 ich
737 2361 860 2428 solgsude
884 2361 959 2412 stelle
979 2361 1120 2412 mittheile:
1146 2361 1225 2424 Quod
1250 2361 1282 2411 ad

114 2450 204 2499 literas
228 2450 347 2515 magistri
372 2448 415 2499 Jo.
435 2448 566 2500 Reuehlin
585 2450 743 2500 Phorcensis
766 2451 878 2516 pertinet
896 2465 947 2500 non
973 2464 1080 2516 possum
1105 2449 1170 2499 00110
1194 2449 1283 2500 mirari

114 2538 163 2587 viri
183 2537 259 2601 hujus
286 2545 314 2587 ut
336 2537 471 2588 insolitam
499 2539 536 2587 ita
554 2539 692 2604 perutilem
711 2553 824 2604 operam.
861 2537 894 2587 Et
913 2537 1018 2602 quidem
1037 2552 1126 2588 eorum
1145 2536 1283 2600 industria,

115 2641 180 2690 quos
204 2632 295 2676 nostra
318 2631 381 2675 aetas
405 2625 592 2692 obstupescere
615 2625 685 2676 solat
704 2625 746 2675 vel
771 2627 927 2676 anteriorem
946 2625 989 2675 vel
1011 2640 1063 2675 000
1088 2625 1283 2676 minorem...

20 2774 26 2785 ³
114 2713 317 2780 Respondissem
335 2729 439 2778 quoque
458 2715 587 2779 Magistro
608 2714 707 2764 Joanni
727 2729 827 2779 graece,
846 2715 897 2763 0101
917 2715 1016 2763 veritus
1035 2714 1143 2762 fuissem
1162 2713 1284 2780 imperite

114 2803 255 2867 quicquam
281 2803 409 2863 inserere,
435 2817 487 2851 nou
511 2801 619 2867 dignum
637 2801 707 2865 quod
727 2802 820 2853 subeat
843 2804 966 2853 trutinam
993 2802 1070 2868 periti
1092 2800 1157 2851 adeo
1171 2801 1283 2866 judicis.

114 2889 288 2953 Quamobrem
307 2896 332 2940 te
355 2905 401 2956 pro
427 2890 549 2939 amicicia
574 2896 664 2940 nostra
689 2899 789 2940 oratum
816 2891 908 2941 velim:
931 2893 1031 2956 gratias
1056 2891 1079 2938 ei
1104 2889 1193 2940 verbis
1217 2891 1282 2940 meis

112 2981 286 3045 permaximas
305 2993 369 3044 agas
388 2979 433 3043 qui
452 2994 493 3028 me
510 2979 669 3028 tantilecerit
682 2979 765 3029 literis
779 2980 842 3028 suis.
875 2979 956 3029 Plane
970 2979 1025 3044 ipse
1043 2977 1180 3027 amicieam
1198 2994 1282 3028 meam

112 3067 240 3128 obsecrat,
261 3082 309 3131 ego
330 3081 391 3117 vero
410 3067 467 3132 ipso
486 3073 645 3132 praeceptore
665 3066 753 3118 doceri
773 3067 814 3117 vel
835 3067 962 3118 famulatu
983 3067 1176 3128 contenderem,
1197 3067 1220 3116 si
1240 3082 1281 3117 eo·

112 3155 226 3205 meditus
246 3153 357 3204 adesset.

187 3247 197 3292 1
219 3242 341 3292 Gemeint
365 3242 400 3292 ist
425 3240 643 3293 walnscheinlielr
669 3241 716 3292 das
740 3243 928 3305 narr-eusebiis,
953 3242 1046 3293 dessen
1071 3247 1138 3293 erste
1162 3241 1280 3308 ausgalts

115 3332 182 3380 1494
202 3329 329 3381 erschien.
403 3335 417 3380 2
438 3314 510 3380 llber
530 3331 561 3381 G.
581 3348 604 3382 v.
625 3333 657 3381 K.
678 3330 732 3398 vgl.
751 3335 873 3395 Ammon,
900 3331 976 3382 leben
995 3330 1097 3381 Geilers
1116 3347 1140 3380 v.
1160 3331 1280 3382 Kaisare-

98 3434 183 3492 ‘perg
219 3420 293 3468 1826.
349 3418 516 3471 9110000110
536 3419 634 3471 1100010
653 3418 711 3469 dem
730 3419 1278 3485 000001ιο0101ι100011100000000,00013·

112 3512 183 3555 stens
202 3506 289 3556 finden
309 3505 366 3556 sich
385 3507 412 3555 10
432 3506 477 3557 der
496 3507 652 3575 sammlung,
671 3524 722 3557 von
742 3507 788 3558 der
806 3509 863 3558 hier
881 3508 924 3559 die
943 3509 1004 3559 rede
1022 3510 1070 3558 ist:
1091 3508 1161 3559 Petri
1181 3507 1280 3560 Schotti

112 3594 359 3645 lucubratiunculae
384 3595 539 3662 Strassburg
565 3599 631 3647 1498
656 3597 682 3644 10
706 3599 736 3644 40
758 3596 836 3646 10100
861 3596 943 3646 briel'e
963 3597 1067 3647 Schotts
1091 3611 1123 3646 an
1143 3595 1280 3657 Reuchlln,

113 3682 162 3732 wol
183 3683 245 3733 aber
265 3684 306 3733 oin
325 3683 429 3733 kleines
448 3685 556 3750 gediclrt
575 3684 731 3746 Reuelrlins,
755 3682 801 3734 das
821 3684 974 3734 vermutlielr
994 3686 1035 3734 ins
1050 3684 1111 3751 jahr
1133 3683 1280 3735 1477011οτ

111 3773 144 3821 78
163 3771 263 3837 gehiirt,
284 3771 346 3822 aber
365 3787 407 3821 arn
426 3771 516 3822 hasten
536 3773 592 3822 hier
612 3774 684 3824 scine
704 3773 781 3822 010110
800 3772 1278 3839 1100101(000101011111111111190

144 3876 567 3928 1000010110001011οΡ000000010
581 3878 687 3928 domino
701 3878 779 3927 Petro
794 3878 901 3927 schotto
917 3877 1103 3942 argentinensi
1117 3877 1142 3927 S.
1155 3878 1188 3929 D.
1198 3879 1228 3929 P.

253 3967 360 4032 Hospes
380 3965 414 4014 ad
433 3972 550 4027 auratum
570 3965 676 4028 diverti,
697 3967 783 4028 Putre,
803 3966 925 4029 Leonem,

289 4050 346 4114 Quo
365 4068 473 4119 propere
493 4053 583 4114 nenias
603 4052 725 4115 obsecro;
744 4069 818 4105 coena
837 4060 931 4115 manet,

252 4141 284 4190 Et
302 4156 403 4206 nequeo
423 4142 480 4191 sine
499 4148 532 4204 te,
551 4149 597 4192 tua
615 4157 675 4192 nam
695 4143 840 4209 praesencia
858 4140 944 4192 duleis

276 4218 442 4278 'Commouet
461 4231 571 4292 affeetu,
590 4237 615 4278 te
632 4231 690 4280 siue
709 4229 786 4280 dulce
805 4230 880 4280 nilril.

252 4315 320 4380 Ergo
340 4332 433 4381 precor
453 4319 543 4367 venias
563 4320 650 4381 Petre,
672 4320 706 4367 rni
727 4319 816 4379 Petre3
836 4332 948 4381 namque
967 4316 1078 4379 videbis,

288 4402 383 4467 Qualia
400 4419 452 4453 000
472 4409 546 4457 unte:
566 4420 635 4455 nunc
655 4405 716 4456 ades
737 4412 814 4474 atque
832 4406 899 4455 vals.
