2580 4178
61 98 183 166 ,Iudaeis
199 97 462 180 condemnatum,
487 119 583 183 quem
600 119 731 165 sonsum
747 105 805 166 tua
817 98 919 167 verba
932 96 1058 165 habero
1071 116 1138 163 uon
1152 95 1235 164 siue-

61 205 145 269 bam.
191 205 254 269 Fac
268 206 365 288 juxta
384 223 489 267 meam
512 203 544 267 in
560 207 594 268 te
615 204 854 287 synceritatem,
876 209 946 269 tum
965 200 1062 268 facile
1085 201 1233 268 omuibus

62 310 158 374 etiam
171 308 355 375 nolentibus
370 307 560 373 satisfacies.
585 306 688 373 Valde
698 307 841 374 dolerem
856 306 884 374 si
895 312 971 373 tuos
982 328 1066 391 quos
1077 306 1233 373 hactenus

61 415 198 497 gloriose
213 413 321 480 vixisti
337 414 406 478 dies
416 434 488 479 cum
505 411 642 496 ingloria
654 432 846 496 componere
862 418 896 479 te
911 412 1124 496 contingeret
1154 411 1233 479 Con-

61 517 125 583 fido
142 513 251 584 autem
268 520 344 603 quia
359 517 433 601 plus
449 517 596 583 facturus
612 517 655 582 sis
673 539 769 602 quam
783 540 822 583 ex
836 523 870 584 te
883 516 1075 603 desyderari
1085 516 1232 599 possitet

62 624 214 688 citissime
227 623 385 688 calamum
395 621 532 704 arripies
546 628 579 688 et
590 620 870 707 chalcographum
883 642 1079 705 componore
1093 620 1229 689 curabis.

62 728 141 794 Vale
165 735 198 793 et
220 734 295 794 voto
319 727 414 791 amici
438 727 485 791 tui
508 747 597 810 parc,
621 734 654 793 et
675 748 757 812 pace
779 728 878 811 plena
899 727 1028 805 frueris.
1075 728 1151 793 Dat
1173 726 1229 792 (lo

61 831 154 897 loniae
178 832 322 899 Sabbato
345 838 421 898 ante
443 831 616 898 Invocavit.
665 835 756 898 Auno
783 837 877 898 1512.

147 973 306 1033 Gedruckt:
334 979 348 1033 1
367 995 410 1028 =
423 975 451 1034 J.
469 993 494 1035 v.
511 991 536 1034 c.
553 992 579 1034 r.
596 975 636 1049 iij.
655 979 673 1034 2
692 993 734 1031 =
752 972 860 1049 Majus,
876 975 936 1034 vita
953 971 1101 1033 Reueuuo
1119 958 1149 1049 p.
1169 974 1226 1033 333

62 1079 105 1138 bis
123 1081 196 1138 340.
1093 1078 1096 1083 ’

583 1308 709 1376 CXLII.
1166 1376 1169 1382 .

131 1413 206 1465 oola.
968 1414 1001 1464 aa
1020 1412 1099 1466 reor.
1122 1413 1195 1463 rora.

56 1519 224 1593 Decanus
266 1531 416 1618 totaque
454 1517 611 1592 facultas
649 1544 764 1594 saorae
807 1517 1007 1616 theologiae
1046 1516 1222 1617 generalis

56 1643 168 1714 studii
196 1641 424 1714 Coloniensis
459 1641 606 1740 egregio
634 1653 669 1715 et
697 1641 806 1717 docto
840 1642 921 1715 viro
957 1628 1112 1716 caesaroi
1140 1638 1223 1740 juris

58 1764 200 1837 doctori
236 1764 378 1836 famoso
413 1763 563 1837 domino
598 1764 767 1839 Johanni
802 1763 987 1838 Bouchlin
1024 1762 1222 1839 Suevorum

59 1884 524 1985 Oonfocderationisjudici,
537 1888 697 1961 moranti
707 1886 944 1987 Stutgardiac,
962 1886 1088 1960 amico
1104 1897 1221 1961 nostro

570 2010 714 2085 dilecto

148 2174 304 2258 Spiritum
336 2182 462 2243 rectum
497 2178 628 2244 innovet
660 2178 693 2242 in
726 2182 759 2243 te
792 2176 991 2244 christus1.
1038 2176 1222 2262 Accepimus

57 2279 170 2345 literas
193 2288 275 2361 tuas,
300 2282 488 2365 spectabilis
511 2303 550 2348 ao
574 2284 700 2367 egregie
725 2283 781 2362 vir,
805 2302 845 2347 ex
869 2282 986 2366 quibus
1008 2282 1115 2366 probe
1137 2281 1223 2348 iutel-

57 2383 185 2468 ligimus
217 2392 250 2452 te
280 2387 323 2453 ab
354 2387 480 2452 unitate
510 2393 631 2453 sanctae
654 2389 768 2452 matris
793 2386 936 2453 ecclesia
958 2408 1024 2469 non
1053 2386 1137 2453 velle
1163 2384 1222 2451 ullo

56 2497 153 2575 pacto
184 2491 353 2573 recedere,
384 2491 442 2557 sed
472 2493 504 2557 in
537 2512 576 2556 ea
607 2498 642 2558 et
670 2493 781 2558 vivens
806 2499 839 2558 et
862 2492 1002 2558 moriens
1025 2510 1222 2575 parmanere,

57 2597 147 2680 quod
177 2597 284 2676 nobis,
318 2597 403 2662 siout
435 2596 624 2681 aquolibet
647 2596 823 2663 christiano
847 2597 967 2677 fratre,
1004 2597 1054 2661 ita
1086 2602 1122 2661 et
1145 2617 1222 2661 nuuc

56 2704 216 2786 praeoipue
247 2723 287 2767 ex
314 2707 347 2766 te
377 2702 595 2784 gratissimum
619 2708 669 2766 est
697 2702 820 2767 audire.
867 2704 986 2767 Verum
1016 2703 1096 2786 quia
1118 2710 1222 2767 nostro

56 2813 131 2871 voto
162 2808 300 2872 necdum
331 2812 382 2871 est
412 2806 518 2871 satis
550 2806 688 2885 factum,
719 2812 757 2871 ut
784 2805 974 2871 scandalum
1010 2814 1223 2885 amoveretur,

53 2933 157 2995 neque
182 2913 303 2976 ferrum
327 2916 474 2976 maneret
497 2911 531 2975 in
553 2910 696 2991 vulnere,
719 2911 889 2977 hortamur
912 2918 945 2977 te
967 2918 1000 2976 et
1016 2911 1223 2979 obsecramus

57 3017 90 3078 in
122 3016 251 3082 Christo
283 3014 384 3081 ihesu
408 3023 441 3080 et
468 3017 678 3100 requirimus,
709 3023 746 3082 ut
775 3039 868 3083 cures
892 3020 1056 3100 quatenus
1079 3016 1126 3083 ad
1154 3037 1224 3101 pro

55 3121 157 3185 xlmas
192 3122 353 3186 nundinas
386 3121 697 3187 Frankot'ordienses
730 3121 850 3202 libelli,
885 3122 913 3186 si
948 3122 1002 3205 qui
1039 3123 1090 3187 tui
1121 3123 1223 3188 adhuc

57 3231 185 3303 extant,
218 3233 251 3291 et
274 3226 361 3308 apud
386 3226 581 3311 bibliopolas
604 3249 728 3292 vaenum
752 3226 914 3292 habentur
941 3233 1000 3292 aut
1031 3227 1140 3293 denuo
1169 3229 1224 3292 im·

53 3332 158 3413 pressi
190 3331 357 3397 advectari
386 3339 535 3413 possent,
562 3333 642 3396 nulli
665 3333 804 3416 amplius
828 3333 1027 3412 vendantur,
1060 3341 1095 3398 et
1118 3333 1224 3418 aliquo

51 3436 225 3501 dictamine
257 3441 332 3502 tuos
355 3437 481 3520 priores
504 3458 644 3517 revoces,
669 3459 742 3503 ores
765 3460 894 3524 quoque
925 3444 1059 3505 cunctos
1088 3439 1144 3524 qui
1171 3438 1224 3503 ha·

624 3587 641 3625 ‘l‘

47 3675 185 3725 schmccht
208 3674 294 3725 haben
319 3675 508 3742 augenspiegel
535 3675 579 3726 fol.
602 3676 676 3726 XVb.
720 3677 842 3727 Gemeint
872 3677 943 3729 kann
975 3678 1043 3728 auch
1069 3680 1127 3730 sein
1156 3680 1221 3746 Aug.

47 3762 93 3810 sol.
114 3763 192 3812 lllb.:
213 3762 257 3812 dos
277 3766 315 3814 sic
329 3763 380 3813 dau
394 3766 441 3813 mit
455 3765 501 3828 jon
516 3764 616 3832 (Jesus)
631 3765 768 3830 geroobtot
788 3764 841 3814 und
862 3782 908 3815 vor
921 3761 1113 3818 laiborlichem
1127 3768 1223 3818 richter

48 3852 92 3898 aiu
112 3850 190 3898 urtail
211 3851 292 3899 wider
310 3853 336 3900 in
357 3851 493 3902 behaltten
512 3852 613 3915 haben,
632 3853 741 3904 darumb
761 3869 789 3902 er
807 3854 859 3903 hab
879 3854 964 3904 sollen
986 3855 1104 3907 sterben.
1144 3857 1221 3906 Diesa

47 3935 181 4002 bauderung
200 3938 269 3988 steht
286 3939 391 3989 freilioh
412 3949 490 3992 unter
510 3941 559 3991 den
580 3941 778 4007 schmlthungen
799 3942 845 3991 dor
859 3942 950 4006 judan.

120 4031 129 4074 l
153 4024 227 4075 Olme
253 4026 392 4077 aulsclnift
411 4031 435 4078 3.
