2798 4980
703 315 723 379 8

131 500 207 568 dam
232 508 265 568 et
288 505 377 571 velut
399 504 612 589 appendicem
636 505 812 571 olariorum
838 504 848 542 1
872 503 1049 569 studiorum
1075 505 1217 572 minores
1240 505 1300 571 has

131 613 222 673 artes
244 601 278 673 et
301 633 372 676 esse
395 610 493 676 vultis
522 619 556 678 et
585 612 747 676 aestimari.
796 610 839 674 At
869 630 940 692 ego,
971 611 1026 694 qui
1055 611 1132 675 mihi
1157 611 1300 677 sterilem
1377 604 1382 611 ¹

130 711 214 778 hano
230 711 282 799 (ut
304 716 353 781 ita
376 715 495 799 dicam)
512 738 644 782 arenam
669 714 878 781 excolendam
904 716 1025 799 sumpsi
1042 715 1064 794 2,
1088 717 1150 781 nisi
1173 717 1298 800 aliquid

132 817 271 903 amplius
303 843 401 905 quam
425 822 538 904 vulgus
562 843 676 900 coner,
708 820 786 904 quid
810 820 873 884 erit
905 841 968 903 quo
1005 842 1025 884 a
1058 822 1206 904 segniciae
1246 843 1301 887 no-

131 924 216 988 mine
247 925 316 991 haec
347 947 419 991 mea
451 926 559 991 studia
591 926 772 990 defendam.
826 925 942 1010 Itaque
977 926 1004 990 si
1035 927 1139 992 minus
1167 928 1200 992 in
1237 949 1301 993 uuo

132 1030 245 1112 quovis
269 1052 379 1096 eorum
403 1037 559 1114 prastare
582 1053 729 1114 possum,
762 1051 895 1094 numero
925 1052 976 1094 me
1000 1037 1095 1096 tuear
1125 1033 1301 1116 oportebit.

131 1134 173 1198 Et
196 1133 264 1200 haec
287 1157 387 1200 causa
409 1136 488 1200 mihi
518 1137 695 1201 communis
718 1135 803 1200 forte
836 1156 909 1199 oum
933 1137 1043 1202 multis
1068 1145 1133 1218 est,
1157 1139 1190 1203 id
1215 1139 1303 1222 quod

131 1237 236 1303 dicam
260 1242 391 1325 proprie
414 1263 521 1306 meum
545 1253 603 1306 est.
643 1242 798 1325 Reliquas
821 1240 934 1305 literas
957 1242 1037 1307 alia-s
1062 1243 1169 1323 didici,
1196 1244 1301 1327 cupivi

130 1345 214 1409 enim
238 1367 297 1429 pro
320 1346 405 1410 virili
428 1369 501 1412 mea
525 1348 633 1431 siqua
657 1367 785 1431 possem
802 1345 955 1410 literariae
972 1348 1169 1431 Reipublicae
1186 1351 1302 1432 patriae

131 1456 250 1516 nostrae
275 1452 445 1534 prodesse,
476 1453 562 1537 quod
586 1453 648 1518 nisi
672 1458 871 1535 spectassem
897 1459 969 1516 erat
991 1452 1069 1517 mihi
1093 1455 1207 1519 eadem
1232 1475 1303 1538 quae

131 1557 278 1622 omnibus
302 1558 354 1622 via
377 1565 411 1623 et
433 1560 476 1624 ad
498 1581 551 1625 res
575 1559 739 1642 parandas
765 1558 896 1623 uberior
920 1564 953 1622 et
976 1559 1017 1622 ad
1043 1559 1180 1625 nominis
1209 1560 1304 1624 clari-

130 1667 233 1727 tatem
256 1662 416 1730 illustrior
438 1672 471 1730 et
493 1665 535 1730 ad
551 1665 716 1729 hominum
736 1662 1047 1729 commendationem
1064 1666 1196 1747 gratior.
1235 1665 1303 1730 Has

130 1772 240 1832 autem
264 1769 341 1833 mihi
366 1771 499 1849 discam,
524 1771 625 1834 statui
650 1769 735 1833 enim
761 1768 937 1832 senectutis
961 1770 1119 1852 requiem,
1151 1771 1178 1834 si
1207 1771 1303 1835 modo

132 1893 172 1937 ea
186 1881 297 1940 manet
319 1896 388 1955 me,
422 1877 455 1939 iu
479 1895 644 1940 sacrarum
669 1874 839 1938 literarum
871 1873 1103 1956 perquisitione
1135 1875 1303 1955 collocare,

131 2000 229 2062 quum
259 1979 401 2063 itaque³
432 2001 564 2044 necesse
593 1979 732 2044 habeam
763 1983 840 2042 tunc
873 1977 974 2044 libros
999 2000 1054 2043 eos
1077 1979 1157 2062 legis
1180 1981 1303 2045 intente

129 2083 394 2168 pensiculateque
418 2085 586 2164 lectitare,
619 2084 733 2149 videor
762 2083 841 2146 mihi
870 2083 983 2148 eadem
1013 2106 1112 2167 opera
1136 2091 1168 2150 et
1190 2085 1303 2152 literas

130 2187 301 2253 hebraicas
325 2189 479 2254 discendo
504 2211 559 2254 eos
583 2190 691 2273 legere
716 2193 750 2253 et
774 2187 921 2271 legendis
944 2191 990 2253 eis
1010 2189 1161 2255 hebraice
1178 2192 1303 2258 discere

129 2314 241 2378 posse,
272 2295 431 2378 simulque
458 2296 514 2367 τὴν
540 2285 678 2367 ἰδιότητα
702 2297 815 2358 ἐκείνου
839 2304 893 2358 τοῦ
922 2295 1013 2386 λόγου
1038 2299 1206 2386 μυστηρίοις
1228 2303 1301 2362 πολ-

129 2403 191 2473 λοῖς
213 2398 364 2490 γέμουσαν
388 2420 592 2485 pernoscere.
640 2399 781 2465 Basilius
805 2397 819 2435 4
843 2420 971 2483 quoque
995 2406 1106 2465 noster
1130 2425 1225 2486 quem
1248 2403 1302 2468 de-

129 2504 286 2569 terruisse
315 2510 347 2569 te
378 2504 493 2571 scribis
525 2506 645 2570 acriter
668 2526 719 2569 me
743 2504 905 2584 incitavit,
937 2513 1067 2572 secutus
1099 2514 1208 2573 tamen
1238 2508 1301 2573 for-

129 2615 217 2674 tasse
249 2609 406 2695 impetum
438 2631 546 2676 meum
577 2618 610 2675 et
639 2611 782 2676 calcaria
811 2609 862 2691 (ut
893 2610 1024 2694 dicitur)
1057 2613 1200 2678 currenti
1228 2613 1301 2679 sub-

130 2715 220 2780 dens.
252 2705 335 2794 Quin
356 2722 394 2781 tu
415 2738 543 2800 quoque
568 2717 623 2801 qui
647 2716 811 2782 contraria
835 2717 935 2781 sentis
951 2718 1059 2782 nescio
1076 2739 1117 2782 an
1133 2720 1301 2784 acerrimis

129 2842 181 2886 me
204 2821 329 2887 facibus
353 2823 540 2902 extimules,
570 2828 666 2907 turpe
689 2844 818 2906 nanque
849 2822 947 2886 fuerit
977 2823 1056 2887 mihi
1083 2822 1133 2887 vel
1158 2824 1243 2890 nolle
1267 2825 1301 2890 id

129 2927 181 2992 vel
208 2949 271 2992 non
302 2949 396 3011 posse
424 2917 593 3013 percipere
623 2929 657 2993 in
688 2929 749 2994 hoo
780 2928 961 2993 studiorum
993 2929 1062 2993 ocio
1092 2928 1115 3007 ⁵,
1145 2930 1232 3013 quod
1264 2937 1300 2994 tu

129 3033 230 3099 tantis
262 3039 384 3118 tanqua
407 3035 543 3100 diversis
567 3035 737 3100 districtus
761 3033 877 3099 studiis
897 3034 1026 3098 discere
1049 3033 1195 3116 potuisti.
1239 3034 1301 3096 Ba-

129 3138 220 3203 silius
249 3138 289 3202 de
313 3160 376 3222 quo
400 3140 515 3204 scribis
538 3140 571 3203 in
596 3140 705 3223 patria
730 3142 796 3215 est,
826 3137 889 3200 fuit
918 3136 996 3199 mihi
1020 3137 1299 3200 arctissimarum

130 3263 168 3307 eo
183 3241 398 3307 familiaritas.
438 3243 581 3308 Nuncius
597 3241 797 3325 interpellat,
821 3241 901 3306 vale.
942 3240 1166 3323 Heidelbergae
1184 3243 1299 3327 quinto

129 3347 207 3413 Idus
230 3345 438 3412 Novembres.
937 3405 939 3408 ,

219 3453 1298 3531 Geuuokt:1=c.v.e.gvb..gob.2=J.v.e.13b..4b.

131 3565 149 3621 3
184 3583 226 3616 =
257 3561 458 3621 RODOLPHI
470 3561 489 3637 ’1
517 3561 727 3621 AGRICOLAE
769 3563 914 3623 PHRISII
949 3555 1300 3644 Lo-loUssRATIONES

128 3667 299 3742 ALIQUOT
315 3667 446 3728 LEOTU
469 3663 690 3743 DI-lguissimae
702 3713 788 3729 .....
811 3668 1018 3746 lGOLONlAE
1039 3670 1044 3746 Ι
1064 3669 1141 3742 apud
1157 3669 1301 3729 loannem

708 3881 726 3920 ’lt

202 3994 213 4038 l
235 3989 364 4040 clarorum
385 3992 409 4040 2.
488 3993 502 4038 2
529 3973 602 4039 liber
625 3987 697 4039 dieee
721 3988 776 4040 und
801 3986 844 4038 die
870 3988 1011 4054 folgenden
1036 3989 1130 4039 stellen
1157 3988 1299 4040 Reuohlins

127 4075 273 4126 verhnltnis
292 4093 323 4126 zu
344 4077 447 4128 Wessel
465 4093 491 4128 u.
511 4093 531 4127 s.
552 4094 583 4128 w.
602 4078 655 4144 vgl.
675 4095 708 4128 m.
728 4077 790 4127 Mel.
805 4093 841 4127 or.
856 4093 878 4126 s.
892 4079 925 4127 50
945 4079 1013 4128 und:
1034 4077 1079 4127 das
1099 4077 1166 4127 stud.
1187 4078 1211 4126 d.
1226 4078 1299 4128 hebr.

126 4163 236 4230 spraobe
256 4165 376 4229 (Breslau
398 4170 475 4232 1870)
496 4184 516 4218 s.
537 4171 568 4216 21
591 4168 621 4228 f.;
642 4185 667 4217 u.
687 4184 720 4216 m.
740 4166 905 4229 „Renohlin“
925 4182 946 4216 s.
971 4169 1018 4216 109
1039 4181 1060 4214 a.
1084 4171 1106 4214 1.
1181 4168 1196 4214 3
1217 4168 1254 4216 ita
1275 4171 1312 4232 2.Ι

128 4256 143 4300 4
163 4252 287 4320 Basilius]
309 4252 415 4304 Johann
436 4256 548 4307 Wessel.
584 4240 657 4305 iiber
676 4255 722 4305 ihu
741 4255 795 4320 vgl.
821 4255 946 4315 Ulmann,
976 4254 1161 4304 reformatorem
1182 4271 1230 4303 ror
1255 4255 1299 4304 der

126 4341 228 4390 reform.
244 4342 277 4403 ll,
291 4345 333 4390 lte
346 4342 405 4391 aud.
428 4345 502 4393 1866.
521 4361 541 4393 s.
563 4346 612 4393 235
634 4345 674 4394 bis
694 4345 754 4393 557.
810 4347 825 4392 b
845 4342 912 4409 ociol
929 4344 990 4410 Agr.
1004 4342 1074 4393 lebte
1095 4344 1121 4391 in
1136 4342 1299 4410 unablraugi-

130 4443 177 4496 ger
195 4423 274 4478 mnbe
293 4429 335 4479 bei
352 4428 414 4481 doh.
435 4447 459 4479 v.
480 4430 601 4499 Dalburg
620 4433 646 4480 in
667 4431 837 4501 Heidelberg.
