2798 4980
678 319 742 384 136
760 273 762 277 ⁵

124 509 229 577 babeo
253 511 313 576 nisi
336 511 466 577 unicam
490 529 554 594 qua
577 527 690 574 carere
712 529 777 574 non
806 528 951 592 possum,
975 508 1125 593 acquires
1150 508 1259 576 fortasse

124 623 250 701 postea.

211 720 365 786 Libenter
387 718 429 784 ad
453 726 485 784 te
509 718 604 803 plura
627 718 811 797 scriberem,
836 717 892 784 sed
916 717 1036 802 ingruit
1059 739 1124 782 nox
1138 723 1169 784 et
1182 719 1259 784 tabel-

123 824 226 892 larius
248 826 327 891 abit.
373 824 465 890 Nunc
488 823 560 889 vale
584 830 617 888 et
640 823 701 902 fac,
723 829 761 889 ut
783 830 816 890 te
833 825 971 889 sentiam
994 844 1068 888 cum
1092 823 1194 890 multis
1206 825 1259 888 aliis

123 931 216 997 bonis
238 931 317 996 viris
333 935 605 1013 propugnatorem
621 928 751 992 honoris
774 929 845 993 mei.
891 928 1038 994 Salutem
1059 927 1156 994 dicito
1171 927 1258 993 abbati

123 1035 300 1102 reverendo
330 1055 444 1119 meque
474 1033 522 1097 illi
550 1031 740 1098 commenda
771 1033 954 1117 plurimum.
1003 1033 1113 1098 Pridie
1141 1033 1195 1098 Kl.
1216 1032 1258 1098 Oe

125 1140 230 1207 tobris
257 1145 351 1205 1511.
398 1138 602 1221 Stutgardiae.

213 1289 284 1349 Msc.
302 1288 415 1348 Ellenb.
431 1288 481 1348 lib.
498 1288 536 1362 11,
553 1288 636 1361 epist.
656 1292 707 1346 11.
723 1285 772 1346 lol.
793 1287 865 1348 105.

621 1525 794 1593 CXXVIII.

196 1632 342 1701 Niimberg.
1057 1638 1067 1682 l
1090 1633 1146 1684 Oct
1170 1635 1230 1684 1511.

320 1770 531 1846 Bilibaldus
559 1769 775 1869 Pyrkaimer
798 1769 809 1817 ¹
837 1797 886 1844 an
912 1769 1096 1844 Reuchlin

44 1966 46 1969 -
117 1919 243 1987 sohickt
265 1919 366 1985 durch
391 1918 453 1983 den
476 1918 709 2001 iiberbringer‚
742 1919 834 1983 einen
865 1917 1072 1982 verwandten
1106 1917 1170 1982 und
1190 1912 1258 1980 nicht

117 2024 347 2108 ungebildeten
370 2044 476 2103 mann,
500 2028 612 2107 griisse
636 2022 702 2088 und
732 2029 1018 2105 ermunterungen‚
1047 2023 1100 2088 bei
1134 2023 1201 2088 dem
1222 2039 1261 2084 an·

122 2129 214 2214 griffe
247 2128 306 2194 der
336 2149 454 2211 gegner
485 2127 575 2192 nicht
607 2128 669 2192 den
700 2128 791 2192 muth
826 2149 865 2192 nu
899 2127 1068 2193 verlieren.
1125 2130 1258 2194 Memento

82 2282 85 2286 Δ
122 2233 322 2301 solummodo
346 2233 425 2298 vitia
448 2233 634 2298 invidentia
659 2253 728 2297 esse
747 2233 912 2316 expertia,
944 2233 1084 2300 virtutes
1107 2238 1183 2299 vero
1202 2249 1259 2297 sem·

122 2359 182 2423 per
205 2338 305 2403 luisse
330 2343 363 2403 et
385 2358 455 2402 esse
484 2338 610 2403 invidiae
634 2338 853 2422 sycophantiis
877 2358 915 2402 ac
939 2338 1204 2404 aemulationibus
1221 2332 1260 2399 ob

120 2443 243 2508 noxias.
288 2442 392 2507 Bittet
415 2464 469 2508 um
492 2450 639 2508 antwort.
686 2444 734 2507 Ex
750 2443 981 2527 Nuremberga,
999 2443 1065 2509 Cel.
1084 2441 1260 2514 Octobribus,

123 2566 153 2612 a.
180 2552 274 2612 1511.

211 2671 372 2733 Gedruokt:
403 2665 1261 2748 130.1.1.11;2-·1.1.1.1138;3201111

122 2776 173 2839 lol.
193 2770 310 2853 391118.

637 2976 778 3042 CXXIX.

192 3081 345 3132 Steiubeim.
1042 3087 1075 3134 26
1097 3084 1154 3135 Oct.
1176 3083 1236 3132 1511·

117 3183 314 3260 Udalricus
334 3185 520 3259 confessor
533 3186 572 3259 in
587 3185 804 3280 Stainheim,
826 3187 965 3261 ordinis
982 3189 1260 3272 Praedicatorm,

117 3306 257 3381 Joanni
283 3308 467 3382 Reuchlin
493 3309 690 3409 professori
717 3309 858 3408 jurium
884 3309 1172 3410 profundissimo
1198 3327 1261 3383 cum

198 3428 254 3501 sui
281 3430 601 3505 commendatione
627 3433 818 3531 utriusque
845 3433 1007 3507 hominis
1036 3435 1200 3510 salutem.

205 3605 341 3689 Egregie
364 3627 403 3671 ac
426 3606 650 3674 colendissime
674 3609 799 3689 doctor,
823 3609 1048 3676 descendendo
1072 3633 1174 3696 nuper
1194 3601 1262 3674 0010*

118 3711 204 3776 niam
228 3718 265 3777 ut
287 3711 466 3792 audivistis,
490 3715 619 3780 veniens
644 3715 858 3798 Moguntiam‚
882 3715 1027 3780 intellexi
1056 3718 1102 3783 ibi
1132 3709 1262 3802 quosdtm

6 3862 7 3865 κ
118 3816 325 3884 Colonienses
349 3818 449 3883 fuisse
472 3819 648 3904 theologos,
680 3822 735 3904 qui
763 3821 843 3886 satis
874 3822 1162 3905 contemptibiliter
1187 3809 1263 3887 locuti

114 3922 244 3989 fuerant
274 3924 314 3989 de
343 3924 473 4009 seriptis
502 3925 729 3992 dominationis
759 3933 879 3994 vestra
908 3912 1021 3991 contra
1049 3920 1261 3994 Pfefferkorn²·

115 4027 195 4093 Cum
225 4050 302 4095 vero
331 4029 472 4096 Coloniae
500 4051 620 4111 essem,
650 4040 682 4096 et
720 4032 858 4097 facultas
889 4033 1083 4117 theologica,
1124 4040 1160 4099 ut
1185 4027 1262 4097 moris

692 4177 709 4216 *

187 4266 197 4310 1
218 4260 279 4328 Vgl.
304 4262 360 4313 bes.
386 4264 512 4314 Bilibaldi
536 4265 728 4317 Pirelrheimeri
754 4284 834 4334 opera
859 4268 899 4318 ed.
926 4267 1038 4333 Goldast
1061 4269 1112 4319 Fit.
1140 4271 1201 4320 1610
1220 4257 1261 4312 ull

111 4344 144 4394 K.
166 4349 266 4415 Hagen,
287 4349 406 4402 Dtsohld.
426 4352 472 4401 rel.
487 4354 540 4404 und
554 4356 591 4405 lit.
606 4355 685 4406 Verh.
699 4358 735 4408 im
748 4358 818 4407 Reiz.
834 4359 863 4408 A.
884 4357 903 4407 Ι.
920 4356 1000 4407 Band.
1074 4361 1088 4408 2
1109 4357 1164 4407 Deo
1178 4356 1261 4423 Augen·

115 4434 226 4509 spiegel.
