2798 4980
670 354 738 424 alo

186 544 195 555 ⁷
226 563 309 615 Nemo
329 562 460 629 mastigia,
480 577 529 613 neo
549 562 738 630 Capuiozoilue
758 565 831 615 aualt

273 650 412 702 Musarum
431 667 510 703 sacro
529 667 571 702 me
590 650 729 719 prohibere
750 651 838 704 choro.

226 740 357 806 Dogmata
376 755 480 807 sempor
499 755 586 806 agam,
607 746 714 806 totoque
733 740 838 807 legetur
856 743 883 792 in
903 740 967 792 orbe

276 827 402 878 Famulus
422 827 536 895 bexaplo
555 827 649 879 doctus
671 829 704 878 ab
723 843 767 880 ore
787 828 868 895 loqui.

115 932 262 1018 Accepit,
285 939 322 999 ut
344 933 452 999 omnia
475 932 568 1012 solet,
592 932 728 1018 benigno
753 935 855 1001 vultu.
903 935 946 1000 Et
968 932 1074 1019 polleo
1097 931 1184 1018 apud
1208 952 1292 1013 eum,

112 1044 150 1105 ot
171 1059 314 1125 possum,
338 1038 436 1125 idque
458 1037 546 1105 band
562 1038 748 1124 vulgariter.
773 1039 829 1107 Ph.
852 1037 1082 1106 Melanchthon
1099 1059 1189 1105 meus
1204 1038 1290 1105 inter

112 1141 263 1211 Saxones
292 1142 510 1230 Wittenburgi
541 1152 708 1227 versatur,
737 1146 863 1232 pulpito
900 1145 1073 1231 praelectus
1104 1144 1289 1224 latinarum,

111 1270 297 1335 gracorum
320 1256 354 1316 et
376 1248 604 1318 hebraicarum
634 1251 822 1332 literarum
855 1273 953 1338 quam
987 1249 1127 1317 honorat
1140 1248 1290 1316 illustris·

112 1356 219 1423 simus
243 1355 450 1423 Friderichus
475 1355 598 1424 elector
621 1359 767 1424 omnium
791 1358 939 1424 maxime.
978 1355 1012 1422 Si
1036 1356 1169 1424 dabitur
1190 1354 1291 1423 facul·

113 1468 181 1542 tas,
203 1460 252 1527 illi
274 1467 308 1529 te
331 1463 574 1530 commendabo.
605 1463 690 1544 Quid
717 1485 796 1531 meno
832 1463 1019 1548 parturiunt
1043 1464 1153 1543 Musa,
1177 1483 1290 1548 expec-

113 1573 200 1648 tant,
224 1587 343 1635 musca
373 1569 421 1635 via
450 1568 569 1650 dicere,
592 1570 666 1655 plna
690 1571 775 1637 enim
799 1570 832 1635 in
855 1590 906 1635 me
929 1568 1070 1655 perdunt
1097 1589 1225 1649 muscae,
1255 1568 1290 1636 id

113 1678 171 1741 eet
209 1672 411 1759 theologistae
442 1694 539 1761 quam
568 1677 756 1763 parturiant
785 1676 896 1745 Musa.
929 1674 1041 1759 Nuper
1064 1674 1148 1739 enim
1171 1695 1210 1739 ex
1232 1695 1289 1740 an-

114 1780 213 1866 tiqua
235 1777 356 1846 invidia
379 1779 586 1847 Astharothae
606 1782 635 1862 ¹,
672 1781 835 1865 diabologi
859 1800 942 1846 nova
968 1785 1019 1845 est
1041 1777 1213 1844 adversum
1236 1799 1287 1845 me

114 1890 192 1953 orta
215 1884 406 1953 criminatio.
430 1883 568 1972 Scripsit
590 1908 729 1974 namque
753 1887 926 1954 adversum
950 1905 1002 1950 me
1026 1883 1066 1948 de
1089 1889 1161 1949 arte
1185 1880 1290 1950 Caba-

115 1988 228 2058 listica
254 1990 486 2057 contumeliose
517 1993 630 2073 nimia,
660 2000 694 2060 et
723 1993 847 2058 famose
866 1992 888 2056 ⁹.
920 1988 1000 2056 Cum
1033 1995 1142 2054 autem
1174 1993 1289 2054 contra

114 2094 276 2164 verbosos
299 2095 398 2163 nolim
422 2098 617 2165 contendere
649 2098 775 2178 verbis,
806 2095 933 2164 ostendi
956 2101 1064 2162 tamen
1088 2092 1289 2161 evidentiora

114 2200 194 2269 libri
217 2202 269 2269 sui
292 2201 472 2282 mendacia,
496 2224 568 2289 quae
590 2203 807 2288 praesentibus
830 2201 881 2269 bis
904 2201 1009 2268 literis
1033 2198 1075 2267 ad
1098 2205 1132 2266 te
1154 2199 1249 2265 mitto
1266 2199 1288 2264 ³.

109 2304 236 2374 Audies
267 2312 343 2393 post
375 2306 444 2374 baec
472 2308 551 2390 alia;
586 2330 660 2375 nam
697 2330 809 2376 ansam
842 2307 983 2374 amicis⁴
1012 2305 1088 2373 dedi
1104 2303 1288 2371 vindicandi

110 2413 187 2479 mei.
213 2413 261 2479 De
284 2413 425 2480 omnium
448 2420 594 2481 nostrum
626 2413 792 2482 deditione
815 2415 875 2481 boc
899 2414 993 2480 Ennii
1019 2412 1157 2479 sentito:
1181 2410 1283 2491 Quom

107 2523 261 2585 metuunt
284 2517 431 2585 oderunt.
447 2569 478 2584 ..
515 2519 739 2585 Deseruerant
762 2519 877 2587 ducem
896 2517 1066 2586 nostrum⁶
1093 2517 1186 2583 initio
1210 2515 1287 2582 belli

100 2612 333 2701 'Helvetiorum
361 2642 461 2707 supra
491 2622 603 2690 decem
634 2631 668 2690 et
690 2631 764 2691 octo
795 2625 905 2705 millia,
930 2628 1063 2708 recepta
1086 2621 1180 2706 stipe.
1207 2621 1289 2705 Opi·

107 2727 241 2794 nionem
265 2749 393 2814 quoque
417 2729 450 2793 in
475 2729 601 2809 Haecin,
634 2737 668 2795 et
691 2731 785 2795 vicini
806 2749 935 2816 quoque
971 2726 1074 2792 nostri
1097 2725 1283 2792 fefellerunt

108 2833 247 2920 equites.
271 2833 354 2899 Hinc
376 2833 434 2900 illa
456 2834 543 2901 mula
566 2855 638 2920 quae
661 2834 750 2920 prius
780 2855 843 2900 nou
873 2831 1044 2916 auspicata
1066 2851 1156 2896 more
1179 2829 1281 2914 majo·

107 2959 182 3005 rum
207 2943 391 3004 erenemnt.
415 2937 479 3005 Sed
502 2940 624 3023 cogitet
646 2938 896 3007 confoederatio:
931 2935 1022 3018 „Non
1038 2936 1143 3001 minor
1159 2942 1210 3000 est
1225 2935 1287 3001 vir·

108 3048 175 3122 tus,
207 3064 304 3128 quam
332 3063 489 3129 quaerere,
519 3050 617 3128 parta
645 3048 749 3112 tueri‘
770 3046 792 3112 ⁸.
826 3044 1023 3124 Placuerunt
1052 3039 1130 3106 mibi
1161 3046 1219 3107 tua
1249 3039 1283 3105 in

108 3146 272 3213 Caesarem
308 3144 500 3232 Epitaphia3
540 3171 597 3215 cur
634 3150 728 3231 enim,
766 3170 867 3236 quare
897 3145 1152 3230 Hummelbergii
1199 3151 1284 3225 sunt,

108 3272 174 3318 non
197 3250 290 3318 valde
314 3251 482 3337 placerent
505 3254 686 3337 Capnionii
727 3257 768 3321 Et
798 3253 943 3341 gratulor
973 3274 1013 3319 ea
1043 3273 1102 3336 per
1135 3257 1280 3319 nostrum

108 3357 339 3441 Peutingerum
374 3356 474 3442 praelo
513 3359 672 3426 committi
686 3361 707 3424 ⁷.
756 3361 893 3427 Fecerat
929 3359 1016 3426 idem
1054 3364 1166 3425 noster
1204 3356 1286 3425 Tho·

693 3505 711 3544 ’lt

186 3598 195 3644 l
218 3591 294 3644 Aetli.
321 3614 356 3638 =
379 3592 566 3646 Hoebatraten.
651 3599 665 3645 2
699 3595 890 3648 Hochstratens
914 3597 1060 3648 destructio
1088 3594 1205 3659 cubula,
1231 3594 1285 3662 vgl.

107 3679 239 3733 Beuobliu
266 3698 286 3732 e.
310 3683 358 3731 199
379 3681 404 3731 ff.
479 3685 494 3732 d
517 3685 595 3734 Dione
625 3683 822 3752 bernerlrungen
845 3684 990 3735 Renchlins
1016 3684 1087 3745 sind,
1113 3684 1206 3734 roweit
1235 3684 1286 3734 mir

107 3768 234 3830 bekannt,
254 3768 329 3819 nicbt
347 3769 477 3836 gedruckt
496 3770 609 3822 worden.
683 3776 699 3821 4
720 3772 867 3823 Resondera
881 3765 965 3824 Franz
985 3788 1036 3821 von
1057 3771 1209 3838 Siolringen,
1230 3770 1283 3837 vgl.

108 3856 175 3908 liber
187 3856 247 3909 ibne
261 3856 382 3917 Ulmann,
395 3857 506 3925 Leipzig
523 3862 603 3920 18723
617 3860 682 3911 ilber
694 3859 736 3910 die
749 3858 937 3925 beaiehungen
952 3876 984 3909 ao
1001 3859 1131 3910 Reuchlin
1144 3874 1166 3909 s.
1183 3860 1231 3908 165
1244 3858 1284 3920 aa

107 3944 161 4011 rgl.
181 3944 322 4006 Reuobliu,
341 3961 362 3995 a
383 3948 434 3996 445
454 3947 505 4012 lg.;
526 3945 573 3997 dos
593 3946 752 3998 altenetiielr
770 3948 813 3999 bei
828 3949 959 4014 Bilckiug‚
977 3948 1073 4016 suppl,
1092 3946 1146 3997 vol.
1163 3946 1184 4008 1,
1198 3961 1220 3996 s.
1232 3948 1284 3997 43⁸

105 4032 149 4086 bie
169 4036 229 4083 ⁴40.
301 4036 317 4082 5
339 4036 437 4084 Ducem
464 4033 592 4101 nostrum]
612 4034 705 4086 Ulrich
728 4052 780 4086 ron
802 4035 1005 4102 Wiirttemborg.
1080 4035 1168 4085 6Non
1188 4033 1283 4102 minor]

107 4120 179 4172 Orid
199 4119 232 4171 de
251 4129 306 4172 erte
326 4125 457 4174 amatoria
475 4122 508 4185 11,
528 4140 552 4174 v.
575 4126 614 4174 13.
690 4128 704 4173 7
724 4122 765 4175 Ob
784 4125 823 4175 aie
842 4123 974 4192 gedruclrt
993 4121 1067 4183 sind,
1086 4122 1121 4173 ist
1139 4120 1189 4172 mir
1207 4121 1282 4174 nicbt

105 4208 232 4261 bekannt
270 4194 343 4262 fiber
362 4194 404 4261 dle
424 4211 566 4278 epitaphia,
586 4210 642 4276 vgl.
663 4210 705 4261 die
723 4211 807 4262 briele
829 4212 877 4262 Hs
896 4210 949 4261 und
967 4210 1012 4262 Pa
1031 4208 1073 4261 bel
1094 4207 1170 4261 vetto
1190 4227 1211 4262 ι.
1233 4211 1283 4263 189

107 4298 157 4363 lg.;
177 4297 263 4347 famer
282 4297 323 4348 die
343 4300 426 4351 notia:
456 4299 570 4351 Michael
589 4298 825 4366 llummelburgiua
849 4299 980 4365 prolixum
1006 4298 1168 4366 epitaphium
1187 4299 1285 4363 (blaxi-

106 4384 200 4435 milian
219 4385 243 4449 1)
264 4384 333 4449 lecit,
352 4387 422 4452 quod
444 4389 471 4438 in
492 4389 607 4454 antiquis
620 4387 839 4454 inscriptionibus
856 4387 885 4438 P.
904 4387 1000 4454 Apisni
1013 4392 1039 4437 et
1056 4388 1145 4443 Barth.
1167 4387 1282 4442 ansoni

106 4478 187 4527 extet
224 4471 304 4525 liert.
324 4473 441 4540 (leuetur,
460 4475 571 4529 annales
590 4474 697 4529 Suerici
719 4475 794 4540 1595,
812 4490 873 4544 para
891 4474 937 4540 111,
955 4491 977 4528 a.
997 4475 1059 4532 oct.
