2798 4980
673 338 738 406 205

126 525 282 612 quisitore
305 526 466 594 irruentes
489 531 655 597 turmatim
678 538 766 599 certe
790 553 862 600 oum
886 532 1008 618 ingenti
1030 553 1163 618 pompa,
1193 539 1226 600 et
1248 533 1291 600 si·

124 632 189 698 mul
213 631 366 699 doctores
388 634 560 719 theologiae
582 636 721 720 plurimi,
746 643 780 703 et
803 638 843 704 de
868 638 1002 704 Colonia
1025 646 1059 705 et
1082 639 1122 704 de
1145 639 1290 706 Lovania

125 743 156 804 ct
178 737 220 803 de
244 738 429 821 Erdlordia,
453 746 490 807 ut
512 741 690 824 dicebatur,
719 765 800 828 quos
832 765 941 811 secum
970 743 1182 810 adduxerant.
1228 745 1291 809 De-

124 843 221 930 nique
257 850 422 913 trecentos
457 847 555 913 etiam
593 848 662 914 dies
706 849 906 916 donaverunt
942 849 1212 934 indulgentiarum
1249 870 1298 916 ex·

124 949 279 1017 thesauro
301 950 456 1017 Ecclesiae
486 952 654 1020 catholicae
692 956 840 1022 omnibus
876 955 1058 1040 quicunque
1095 955 1169 1021 huic
1201 954 1290 1021 actui

124 1055 285 1136 adessent,
308 1057 393 1123 unde
409 1065 622 1124 accurrerunt
636 1059 710 1145 plus
725 1081 823 1145 quam
837 1061 926 1126 mille
942 1060 1096 1140 homines,
1120 1060 1289 1144 cupiente·

123 1160 233 1229 ridere
263 1160 368 1228 finem.
413 1163 551 1248 Jamque
581 1186 640 1249 pro
665 1165 822 1232 tribunali
846 1166 960 1233 sedere
984 1172 1151 1250 coeperant
1173 1186 1288 1249 graves

123 1256 187 1333 ἰῶ
210 1267 367 1335 columnae
392 1269 550 1350 ecclesiae,
582 1269 642 1336 sub
671 1293 810 1356 quorum
831 1271 969 1358 pedibus
992 1279 1082 1338 terra
1105 1271 1226 1351 tremit,
1249 1290 1288 1337 ac

124 1383 187 1439 una
210 1395 284 1439 cum
308 1375 354 1441 eis
370 1373 463 1440 sedet
478 1381 511 1440 et
525 1377 795 1460 praetensissimus
816 1378 988 1462 inquisitor
1004 1383 1158 1462 tanquam
1174 1376 1288 1458 Judes,

122 1478 208 1545 volui
231 1478 339 1545 dicere
364 1479 484 1564 judex,
516 1480 572 1565 qui
594 1481 685 1566 prius
708 1482 770 1548 fuit
791 1503 885 1568 pars,
919 1489 989 1549 tum
1020 1482 1108 1548 ecce!
1144 1483 1290 1548 accurrit

122 1585 259 1651 nuncius
290 1585 524 1671 archiepiscopi
559 1607 632 1652 cum
659 1584 814 1654 mandato
844 1589 992 1674 superius
1023 1594 1287 1669 commemorato,

123 1690 211 1777 qdod
239 1690 304 1757 illis
334 1691 511 1777 requisitus
539 1694 686 1760 notarius
713 1694 902 1774 insinuarit,
933 1695 1023 1760 clara
1046 1714 1123 1759 voce
1152 1693 1288 1777 legendo

123 1817 233 1864 coram
257 1797 343 1863 omui
356 1798 485 1883 populo,
508 1805 581 1865 erat
603 1799 737 1866 enimin
753 1800 862 1884 lingua
877 1800 1043 1866 teutonica
1059 1799 1287 1882 conscriptum,

124 1906 156 1969 et
170 1902 364 1970 deciderunt
379 1903 487 1970 vultus
503 1905 632 1972 illorum
648 1927 871 1991 pronosorum,
886 1912 923 1971 ut
939 1904 992 1969 vix
1006 1904 1131 1970 hiscere
1147 1903 1286 1988 quirent.

213 2009 304 2075 Tunc
328 2011 471 2076 surrexit
492 2010 635 2078 Jacobus
657 2011 712 2076 ille
736 2011 776 2077 de
800 2012 869 2077 alta
891 2011 1001 2096 platea
1024 2015 1058 2075 et
1080 2008 1286 2093 protestaba-

124 2118 178 2179 tur
210 2113 252 2180 ds
281 2114 441 2202 denegata
467 2117 613 2201 justicia,
640 2117 787 2202 profecto
818 2118 953 2182 nimium
981 2115 1093 2181 frivole
1126 2121 1160 2181 et
1189 2134 1288 2198 super

121 2240 220 2304 quam
244 2220 323 2286 ferri
354 2220 448 2287 decet
477 2223 667 2302 temerarie,
697 2230 811 2289 contra
843 2227 969 2289 tantum
994 2225 1116 2287 ettam
1140 2239 1288 2285 reveren-

122 2324 291 2392 dissimum
315 2325 479 2393 dominum
503 2328 738 2412 Moguntinum,
763 2329 905 2413 quinon
929 2327 1102 2411 denegavit
1120 2325 1287 2411 justiciam

121 2430 181 2497 sed
203 2431 292 2498 fovit.
339 2432 391 2499 Sic
416 2433 500 2498 enim
517 2434 724 2501 constituitur
747 2436 779 2499 in
796 2434 939 2501 Concilio
956 2432 1201 2517 Carthaginensi
1225 2431 1284 2496 IV:

123 2536 346 2617 ,Studendum
362 2544 412 2603 est
427 2539 596 2624 episcopis,
618 2545 656 2605 ut
678 2539 872 2606 dissidentes
895 2540 1024 2619 fratres,
1048 2538 1115 2603 sive
1138 2537 1285 2618 clericos,

119 2641 186 2708 sire
203 2641 300 2709 laicos
315 2642 358 2708 ad
373 2665 485 2728 pacem
501 2646 612 2729 magis,
636 2667 733 2729 quem
757 2645 799 2711 ad
817 2645 976 2729 judicium
1000 2645 1200 2709 coerceam.
1240 2642 1283 2706 Et

119 2746 181 2813 hoc
205 2748 343 2814 maxime
367 2770 558 2834 quacunque
581 2750 613 2814 in
637 2771 745 2831 causo,
774 2749 903 2835 quando
926 2748 1084 2834 judicium
1116 2747 1220 2813 oritur
1247 2767 1287 2810 ex

120 2852 196 2918 odio
219 2860 277 2920 aut
299 2854 474 2940 longinqua
496 2856 582 2921 inter
605 2856 729 2936 selite,
753 2861 789 2921 ut
813 2861 861 2921 est
884 2855 917 2918 in
940 2860 1050 2919 nostro
1075 2873 1162 2917 casu.
1201 2851 1284 2917 Nam

120 2959 225 3024 sicin
255 2960 389 3026 concilio
413 2961 590 3044 Agathensi
618 2964 810 3028 continetur.
856 2960 949 3026 Unde
973 2958 1134 3025 Honorius
1167 2956 1286 3022 tertius

119 3064 286 3131 Cardinali
309 3065 340 3131 S.
363 3066 518 3133 Praxedis
546 3067 594 3133 ita
625 3069 768 3152 scripsit:
796 3066 936 3150 „poteris
959 3065 1003 3131 ad
1026 3058 1282 3147 componendum

118 3169 328 3254 interponere
360 3178 471 3255 partes
506 3177 581 3239 tuas
617 3180 650 3239 et
683 3174 846 3240 interdum
878 3171 1002 3256 aliquid
1036 3168 1204 3235 severitati
1232 3166 1286 3233 de·

117 3275 283 3343 trahere“.
329 3277 449 3344 Iccirco
474 3279 627 3344 mentitus
657 3286 707 3344 est
731 3279 956 3364 Altiplatensis
969 3279 1000 3359 ‘¹,
1031 3274 1118 3361 quod
1142 3273 1204 3340 sibi
1227 3273 1282 3340 de·

118 3387 240 3467 negata
262 3380 370 3449 fuerat
388 3383 530 3468 justicia.

208 3488 279 3554 Hoc
313 3489 408 3556 modo
443 3490 567 3556 confusi
598 3491 735 3571 rubore,
776 3490 840 3555 imo
875 3488 1006 3573 quidam
1041 3507 1153 3553 eorum
1184 3486 1285 3553 livore

114 3593 232 3679 pallidi
254 3615 276 3659 a
298 3602 473 3680 conspectu
504 3596 668 3663 hominum
699 3618 733 3662 se
757 3595 1002 3674 subtraxerunt,
1033 3615 1093 3678 per
1123 3591 1286 3677 quendam

115 3700 261 3768 ambitus
283 3686 370 3768 illius
393 3703 541 3768 strictum
557 3703 763 3786 angiportum
785 3701 817 3765 in
841 3700 972 3766 domum
987 3699 1124 3764 vicinam
1140 3696 1287 3762 canonici

115 3806 228 3873 nescio
257 3807 367 3890 cujus,
397 3807 523 3874 scilicet
537 3810 539 3813 ’
552 3808 669 3875 beatae
693 3808 833 3892 Virginis
856 3807 899 3872 ed
923 3805 1052 3889 gradus,
1084 3823 1157 3868 cum
1179 3801 1284 3867 multa

114 3911 371 3979 subsannatione
393 3914 639 3999 insequentibus
660 3915 771 3998 pueris
788 3920 822 3979 et
843 3909 1057 3980 stridentibus
1073 3906 1195 3973 adultis
1211 3926 1285 3970 cum

114 4019 260 4084 omnium
283 4025 357 4085 voto
375 4025 408 4085 et
423 4020 654 4104 imprecatione
671 4019 732 4084 hac
748 4041 811 4085 nou
828 4017 969 4085 occulta:
997 4012 1148 4095 „Utinam
1164 4010 1286 4076 fratres

112 4124 170 4190 isti
193 4124 322 4192 arvales
345 4125 407 4210 ipsi
430 4125 706 4207 comburerentur,
730 4125 786 4210 qui
808 4124 883 4190 huic
905 4121 975 4188 viro
998 4119 1083 4185 bono
1113 4115 1286 4182 voluerunt

112 4230 223 4300 facere
246 4231 399 4316 injuriam
422 4238 456 4298 et
477 4233 622 4318 irrogare
649 4231 847 4298 infamiam“.
893 4229 960 4311 Ego
991 4224 1058 4291 abii
1089 4222 1222 4289 tandem
1250 4227 1285 4288 et

700 4387 718 4425 a

186 4486 198 4535 1
220 4478 414 4552 Altiplaceneis
437 4482 458 4529 l.
