2798 4980
666 325 730 392 113

94 518 202 599 Quod
227 521 262 582 et
284 541 344 604 ego
367 524 443 603 peto
467 540 506 585 ea
521 521 687 600 instantia,
711 537 776 604 qua
790 538 931 601 possum.
977 519 1021 585 Et
1035 542 1095 605 pro
1109 520 1277 590 laboribus

94 627 265 713 quicquid
288 625 421 710 petieris
444 625 655 692 libentissime
679 625 774 692 dabo.
821 624 855 691 si
869 632 979 692 autem
994 647 1046 692 me
1062 625 1278 713 derelinquas,

94 735 273 801 neminem
304 732 371 798 scio
398 731 431 794 iu
455 731 646 796 Alemannia
675 732 732 816 qui
753 753 805 797 me
824 732 941 816 juvare
964 738 1085 816 posset.
1130 735 1174 799 Et
1195 733 1282 802 forte

94 847 249 925 propter
279 838 340 903 hoc
372 858 454 921 opus
484 836 639 902 infectum
672 837 886 922 permanebit,
934 837 1035 922 Spero
1059 839 1166 921 etiam,
1190 848 1278 925 post-

94 967 210 1032 quam
235 945 451 1026 Hieronymus
475 961 547 1007 cum
564 963 622 1007 suo
639 964 755 1026 graeco
772 949 805 1008 ct
819 942 963 1009 hebraeo
980 943 1079 1010 fuerit
1093 947 1279 1030 impressus,

94 1052 197 1138 quod
221 1050 408 1125 rudimenta
431 1047 579 1113 hebraea*
597 1047 744 1132 pluribus
768 1047 950 1114 vendentur
969 1048 989 1114 ¹.
1035 1050 1115 1116 Vale
1132 1051 1279 1120 feliciter.

94 1159 147 1223 Ex
177 1155 314 1221 Basilea
339 1159 379 1220 217
404 1153 493 1220 Junii
520 1158 615 1218 1509.

198 1265 365 1324 Gedruckt:
394 1267 409 1322 1
436 1283 477 1319 =
499 1262 530 1323 0.
548 1280 574 1322 v.
596 1279 621 1322 e.
639 1277 656 1322 e
672 1264 724 1336 8³3
751 1267 769 1322 2
787 1284 830 1318 =
844 1263 872 1325 J.
890 1281 916 1324 v.
933 1280 959 1324 e.
976 1283 995 1340 g
1013 1261 1050 1325 lb
1065 1283 1124 1342 sq.;
1149 1269 1228 1334 3:
1244 1267 1276 1330 0.

94 1389 120 1433 r.
141 1390 173 1432 e.
193 1371 224 1430 II
241 1368 291 1430 Iol.
309 1363 369 1429 381)
384 1385 429 1442 sq.
710 1434 715 1446 κ

663 1522 728 1590 ΟΧ.

179 1628 357 1681 Ottobeuren.
742 1628 743 1632 ’
1033 1634 1066 1682 13
1088 1631 1146 1682 Jnli
1169 1634 1244 1684 15111.

94 1737 239 1812 Frater
260 1734 438 1810 Nicolaus
461 1731 650 1831 Ellenbog
672 1731 814 1807 Joanni
836 1733 1018 1809 Reuchlin
1036 1736 1111 1810 LL.
1138 1736 1280 1811 doctori

645 1853 681 1930 S.
711 1855 746 1929 d.

201 2006 263 2070 Vir
294 2003 539 2081 humanissime,
572 2001 696 2087 perlegi
725 2003 816 2067 annis
850 2003 1073 2086 superioribus
1109 2025 1149 2069 ac
1176 2004 1278 2089 relegi

94 2133 211 2198 opera
242 2110 330 2176 docti
352 2108 497 2174 Platonis
528 2107 621 2173 nobis
650 2106 806 2174 beneficio
831 2107 968 2173 Marsilii
990 2110 1092 2174 Ficini
1114 2109 1278 2176 latinitate

94 2218 247 2284 donata.
293 2216 342 2280 Ex
370 2213 486 2298 quibus
514 2213 693 2278 sententias
722 2233 805 2296 quae
827 2211 903 2277 fidei
926 2218 1057 2279 nostrae
1080 2214 1153 2297 plus
1178 2214 1278 2280 adsti-

94 2324 226 2406 pulare
257 2319 451 2385 ridebantur
483 2318 630 2401 excerpsi
663 2339 810 2402 quaeque
841 2319 884 2383 ad
921 2319 1004 2384 bene
1035 2320 1196 2404 beateque
1234 2321 1280 2385 vi·

94 2427 253 2494 vendum
284 2423 463 2491 conducere
493 2445 618 2507 quoquo
648 2423 743 2489 modo
772 2423 967 2488 videbantur
996 2446 1062 2508 qna
1089 2425 1182 2509 potui
1209 2425 1280 2490 dili·

94 2533 220 2617 gentia
246 2529 391 2614 congessi
408 2530 429 2594 2.
475 2529 576 2607 Quum
601 2534 710 2594 autem
727 2549 864 2594 canuno
880 2529 987 2594 omnia
1003 2550 1086 2613 quae
1108 2531 1280 2613 impresso-

691 2657 709 2696 11

94 2753 229 2814 stinique
248 2747 337 2811 libris,
362 2753 446 2798 totum
462 2764 491 2799 se
511 2752 709 2813 comparaverat
727 2745 760 2797 ad
778 2746 982 2812 castigationem
1002 2747 1166 2797 voluminum
1184 2748 1278 2799 Hiero-

94 2839 198 2906 nymi,
219 2835 338 2902 undique
358 2835 515 2901 conquisitis
537 2834 723 2885 vetustissimis
745 2832 949 2900 exemplaribus,
976 2842 1002 2884 et
1022 2833 1107 2885 doctis
1129 2835 1194 2885 viris
1217 2851 1278 2885 con·

94 2925 196 2978 ductis
225 2922 275 2988 qui
294 2925 399 2975 Graecas
423 2922 553 2974 dictiones
578 2924 678 2989 passim
702 2922 881 2973 restituerent:
908 2921 939 2971 de
966 2937 1075 2986 quorum
1097 2937 1205 2973 numero
1228 2922 1279 2972 luit

94 3017 114 3066 J
118 3028 235 3068 oannes
247 3011 411 3063 Renehlinus
418 3003 441 3062 'J
444 3010 629 3062 iureconsultus
643 3012 688 3075 qui
701 3027 715 3061 e
727 3010 835 3060 Lexicis
849 3024 948 3059 vacuas
960 3008 1068 3058 lacunas
1085 3009 1185 3076 replere
1201 3025 1279 3060 cona-

98 3105 197 3162 batur,
219 3100 263 3150 cui
276 3102 406 3151 successit
425 3099 559 3149 felicior
580 3102 725 3164 castigator
736 3098 855 3148 loannes
870 3097 945 3148 Ceno·
958 3097 1186 3163 Norimbergensis
1204 3098 1279 3148 insti-

99 3192 156 3242 tuti
179 3186 366 3250 Dominicani,
389 3188 447 3252 qui,
465 3186 631 3237 meliorem
654 3186 738 3235 viam
759 3191 918 3247 secutus,
938 3201 952 3234 e
969 3184 1090 3250 vestigiis
1110 3185 1278 3250 antiquorum

102 3278 235 3328 codicum
247 3291 280 3350 ea
292 3290 350 3339 qna
361 3273 405 3324 vel
417 3273 526 3324 deerant
544 3273 586 3324 vel
605 3279 679 3324 erant
697 3273 842 3340 depravata
862 3272 999 3339 diligenter
1013 3273 1155 3338 reponebat
1168 3289 1216 3323 vor
1228 3272 1278 3324 den

104 3368 177 3432 Opp.
193 3364 298 3413 Erasmi
311 3361 350 3412 ed.
363 3361 449 3428 bugd.
463 3363 519 3412 Bat.
532 3362 554 3411 1.
580 3361 707 3427 Dagegen
725 3360 826 3427 spricht
839 3359 963 3411 Erasmus
976 3363 1003 3410 in
1017 3360 1062 3412 der
1077 3360 1211 3426 widmnng
1232 3359 1278 3410 des

107 3454 295 3516 Hieronymus
312 3465 345 3498 an
357 3449 411 3500 Leo
425 3449 449 3499 X
463 3450 510 3515 (28
528 3449 603 3516 April
619 3451 697 3515 1515)
714 3449 783 3500 auch
799 3447 875 3500 nicht
893 3448 942 3499 deu
960 3448 1086 3499 leisesten
1105 3448 1175 3498 tadel
1193 3463 1279 3514 gagen

110 3541 154 3590 ibn
174 3554 241 3600 aus,
259 3536 373 3588 sondern
391 3536 480 3587 riihmt
496 3537 542 3586 ibn
560 3537 710 3602 ungemein.
743 3534 858 3587 Freilie'b
876 3535 943 3587 litsst
963 3534 1279 3604 er(0pp.IIIcol.154)

112 3626 181 3678 auch
204 3625 279 3676 Ceno
299 3623 493 3690 gerochtigkeit
517 3640 550 3674 zu
575 3622 641 3674 thcil
665 3622 783 3674 werden:
807 3623 897 3688 Neque
922 3641 1013 3690 porum
1040 3624 1129 3676 attulit
1154 3622 1279 3673 momenti

113 3715 207 3766 Conon
230 3712 469 3778 Nureubergensis,
487 3709 641 3775 Theologns
660 3725 692 3760 ex
711 3711 833 3761 instituto
852 3711 945 3761 horum
964 3728 1030 3776 quos
1050 3711 1130 3776 vulgo
1152 3707 1280 3758 Praedica-

113 3808 183 3854 tcrcs
197 3807 305 3865 vocant,
324 3801 365 3850 vir
376 3806 405 3850 at
418 3800 515 3850 Graece
533 3799 675 3848 literatura
688 3797 910 3861 callentissimus,
928 3800 966 3848 ita
982 3800 1009 3846 in
1028 3795 1184 3862 adjuvandis
1200 3795 1279 3844 bonis

112 3888 197 3940 literis
212 3887 377 3952 infatigabili
389 3884 501 3951 quadem
519 3885 667 3951 diligentia.
692 3884 843 3952 Leontorio]
858 3902 879 3936 s.
893 3891 944 3934 0.i
961 3886 1032 3934 Mitrz
1050 3887 1126 3935 1489.
1164 3883 1219 3932 Aue
1232 3896 1280 3931 un·

94 3992 96 3998 ’
114 3991 185 4026 scrcr
204 3973 282 4027 stelle
301 3973 347 4024 hat
368 3973 454 4025 Oskar
467 3975 551 4024 Hase:
571 3973 613 4023 die
627 3971 764 4039 Coburger
781 3971 964 4023 buchhandler
977 3971 1076 4020 familie
1095 3987 1128 4019 au
1143 3969 1280 4034 Niirnberg

113 4079 135 4114 s.
149 4067 183 4115 30
197 4079 221 4112 a.
235 4067 251 4111 4
264 4061 449 4128 geschlossen,
470 4047 530 4111 dass
543 4060 573 4112 L.
586 4059 736 4110 Amerbach
749 4059 798 4110 den
812 4058 945 4125 gelehrten
960 4057 1112 4124 gegeniiber
1125 4064 1232 4106 vertrat.

188 4155 200 4200 l
216 4148 279 4216 Vgl.
300 4149 387 4200 hlefiir
405 4148 459 4200 und
478 4150 520 4198 fur
539 4147 585 4197 das
599 4164 682 4214 genae
698 4148 857 4198 vcrhdltniss
877 4145 1008 4195 awischen
1021 4144 1172 4194 Amerbach
1184 4143 1237 4194 und
1251 4143 1280 4195 R.

112 4245 197 4289 antea
210 4254 266 4289 nro.
281 4237 393 4288 CXXIII
406 4237 442 4303 fg.
497 4240 511 4285 2
527 4237 620 4286 Dieses
634 4234 711 4298 buch,
732 4234 778 4284 das
791 4235 903 4300 epitome
918 4233 1094 4295 Platonicum,
1107 4230 1179 4283 hatte
1192 4233 1223 4281 Ε.
1237 4230 1282 4282 be·

110 4329 176 4376 reite
199 4327 266 4377 1505
285 4324 431 4387 vollendet3
456 4323 526 4376 nach
546 4323 676 4374 Reuchlin
703 4321 830 4372 erhielten
854 4337 881 4372 cs
901 4320 1008 4382 endere,
1033 4320 1195 4370 namentlich
1215 4321 1280 4369 Peu-

110 4415 210 4482 tinget,
229 4431 275 4466 zur
294 4413 448 4465 durcbsicbt
466 4412 520 4464 und
538 4413 738 4476 verbesserung.
782 4411 847 4459 1516
867 4409 945 4459 sollte
965 4409 1012 4458 mit
1030 4408 1088 4458 dem
1108 4408 1191 4459 druclr
1211 4414 1282 4456 emst

141 4529 289 4572 nonenim
1054 4498 1074 4559 8
