2798 4980
667 295 734 362 274

113 486 307 554 testimonia.
332 485 499 552 Dederunt
509 492 542 550 et
552 492 626 569 post
638 487 808 570 episeopus
824 485 1040 552 illustrissimi
1049 487 1258 572 provinciamn

115 593 270 677 praesides
293 600 392 676 atque
408 591 507 656 duces
531 591 731 657 nobilissimo
757 593 912 676 sanguine
935 593 1103 678 prognati,
1127 593 1258 661 electores

113 700 241 784 imperii
263 698 445 763 Friderieus
470 697 617 762 Saxoniee
647 704 680 762 et
703 697 884 764 Ludosicus
908 698 1057 764 Bavariae
1080 699 1219 766 Interren
1236 704 1258 764 st

116 806 182 871 dux
194 803 487 887 Virtembergensis
512 810 545 867 et
567 803 712 868 Marchio
729 804 886 870 Badensis
899 805 1052 888 princeps
1075 811 1109 871 et
1132 805 1259 872 strenuis·

53 936 57 941 ·
118 912 218 978 simus
247 911 403 994 magister
437 909 559 973 ordinis
592 909 858 989 Teutonicorum,
894 917 928 976 et
957 932 974 976 e
1005 910 1137 995 regione
1168 909 1258 977 hornn

116 1016 287 1083 reverendi
318 1036 356 1080 ae
390 1016 458 1079 Deo
491 1014 649 1080 amabiles
685 1016 867 1081 Germaniae
897 1015 1082 1099 pontifices,
1116 1016 1259 1102 episcopus

115 1122 364 1199 Vormaeiensis,
381 1122 551 1204 episcopus
568 1122 822 1204 Argentinensis,
838 1122 1009 1207 episeopus
1026 1121 1259 1188 constantiensis

114 1230 169 1312 qui
192 1249 243 1293 me
267 1248 357 1291 ovem
382 1247 474 1290 suam
497 1233 610 1309 pastor
633 1229 779 1310 agnoscit
803 1234 836 1293 et
859 1228 1031 1313 episcopus
1049 1228 1204 1312 Spirensis
1221 1227 1259 1293 ills

115 1355 135 1399 a
151 1340 209 1399 tue
224 1331 404 1398 Sanctitate
422 1331 496 1397 huie
513 1331 562 1396 liti
580 1332 677 1397 datus
689 1333 800 1417 judex,
816 1333 872 1416 qui
888 1333 1067 1400 autoritate
1084 1341 1142 1400 tna
1156 1333 1261 1399 iunctm

115 1437 156 1503 de
180 1438 313 1503 consilio
328 1437 508 1522 peritorum
531 1460 590 1521 pro
614 1459 688 1512 mea
710 1447 743 1504 et
758 1440 952 1523 scriptorum
967 1460 1116 1506 meorum
1136 1441 1264 1507 innocen

118 1545 165 1609 tia
189 1542 392 1609 diffinitivam
415 1544 490 1608 tulit
521 1546 724 1610 sententiam.
776 1544 857 1610 Cum
880 1545 944 1611 illis
968 1544 1134 1612 dederunt
1161 1546 1263 1631 pariter

118 1650 353 1736 quinquaginta
377 1651 441 1714 tria
465 1649 590 1715 Sueviae
614 1651 758 1734 oppida¹
785 1673 894 1717 omnes
923 1649 1152 1719 officiosissimi
1178 1651 1264 1717 sortis

117 1757 190 1823 simi
214 1763 248 1823 et
269 1756 468 1840 integerrimi
500 1756 561 1819 riri
597 1756 883 1823 commendaticias
916 1757 1074 1841 epistolas
1109 1768 1144 1825 et
1172 1757 1265 1822 literas

115 1869 212 1928 rectae
234 1862 310 1927 fidei
332 1860 572 1946 probitatisque
598 1883 676 1927 mere
699 1863 987 1947 indemnitatisque
1012 1869 1126 1930 testes.
1155 1863 1266 1931 sddns

114 1969 243 2035 illorum
256 1966 477 2034 testificationi
493 1967 634 2032 roburet
644 1968 772 2052 pondus
787 1968 902 2053 insigni
913 1968 1062 2035 doctrina
1078 1977 1113 2035 et
1127 1969 1266 2056 grauitate

114 2076 240 2160 praelati
252 2076 395 2142 ecclesiae
412 2096 493 2161 quos
506 2075 782 2141 reverendissimis
797 2095 903 2141 cansae
910 2073 1077 2159 judicibus
1088 2074 1268 2142 Grimauost

114 2182 315 2247 Anconitano
328 2181 566 2261 cardinalibus,
578 2181 766 2248 orthodoxa
777 2179 852 2247 fidei
866 2179 1024 2248 columnis
1035 2186 1192 2265 tanquam
1202 2178 1269 2266 peri·

115 2287 212 2371 stylia
219 2287 355 2371 junxisti
368 2288 547 2353 senatorios
565 2308 761 2367 assessores,
777 2286 888 2353 mundi
906 2285 1029 2353 lumina
1042 2283 1269 2372 archiepiscopi.

116 2391 260 2476 episcopi
274 2392 422 2458 ordinum
439 2392 615 2475 generales,
632 2399 786 2459 eteorum
799 2400 1028 2477 procuratores
1040 2394 1210 2478 sapienties
1224 2392 1270 2458 lis·

116 2518 220 2562 manae
229 2499 448 2582 magistratus,
465 2499 698 2583 poenitentiarii
715 2506 748 2564 et
763 2499 818 2564 alii
830 2499 999 2583 theologie
1008 2505 1111 2583 atque
1123 2499 1207 2585 juris
1221 2497 1268 2563 lec

114 2602 231 2669 tissimi
254 2604 403 2671 doctores
422 2627 482 2690 pro
503 2608 568 2671 suis
591 2605 788 2689 singulorum
805 2604 1028 2688 dignitatibus,
1045 2605 1081 2671 in
1096 2605 1229 2672 historia
1241 2602 1269 2668 de

115 2710 317 2795 temporibus
345 2712 424 2776 meis
454 2711 652 2791 nominandi,
687 2710 743 2795 qui
778 2716 829 2776 tot
857 2709 1055 2777 sessionibus
1086 2709 1270 2797 publicisin

116 2824 180 2883 tuae
204 2816 387 2902 Majestatis
412 2818 589 2883 domestico
613 2818 756 2882 sacrario
781 2839 877 2901 quem
901 2815 1059 2901 capellam
1084 2814 1268 2883 Pontificisn

69 2968 72 2975 -
114 2928 232 2988 vocant
246 2922 377 3003 habitis,
393 2945 520 3007 semper
530 2931 645 3007 agente
665 2944 732 2989 rem
749 2944 854 2988 meam
871 2929 907 2988 ut
924 2923 1031 2988 omnia
1044 2922 1132 2989 solet
1146 2921 1269 2989 fideliter

117 3036 247 3095 oratore
272 3031 355 3114 juris
386 3030 582 3114 peritissimo
610 3030 735 3095 <Ioanne
761 3029 982 3109 vendemiae,
1016 3035 1086 3094 tam
1124 3027 1269 3114 equestris

117 3135 238 3201 ordinis
261 3135 363 3200 nobili
387 3137 454 3200 viro
479 3157 576 3220 quam
605 3137 637 3200 in
667 3156 840 3201 causarum
864 3133 1054 3220 patrociniis
1079 3134 1267 3221 disputatore

115 3242 273 3307 acerrimo
297 3249 330 3306 et
341 3242 452 3306 eodem
469 3248 681 3325 procuratore
696 3260 781 3320 meo;
805 3240 936 3306 tandem
959 3241 993 3305 in
1008 3240 1126 3306 ultima
1141 3241 1267 3308 sessione

116 3366 215 3412 causa
239 3347 332 3430 plene
356 3348 485 3430 cognita
508 3369 566 3431 per
590 3348 768 3413 sententias
785 3347 914 3431 scriptis
939 3347 1045 3412 editas
1069 3339 1268 3414 decreverunt

115 3472 167 3516 me
191 3452 232 3517 ab
256 3452 316 3517 hae
346 3455 574 3536 persecutione
598 3454 759 3519 incuriosa
782 3452 987 3519 liberandum
1012 3473 1084 3519 csse
1113 3474 1153 3518 ac
1177 3449 1267 3519 absol·

118 3557 287 3624 venduml.
311 3558 378 3625 Nec
395 3559 452 3624 ulli
469 3559 601 3626 dubium
618 3561 694 3645 quin
715 3559 881 3624 diffinitiva
897 3579 1024 3643 qnoque
1047 3560 1137 3644 paris
1161 3552 1268 3625 oraculi

120 3665 281 3730 sententia
323 3665 665 3731 reverendissimorum
697 3665 844 3749 judicum
881 3671 918 3731 nt
953 3663 1114 3730 debuerat
1143 3667 1267 3749 sequuta

1 3784 20 3790 ’“
116 3768 240 3850 fuisset,
252 3771 313 3836 nisi
329 3778 406 3836 tunc
424 3771 612 3837 mandatnm
629 3770 668 3836 d'e
685 3770 926 3856 supersedendo
949 3769 1009 3836 abs
1025 3775 1058 3836 te
1073 3777 1112 3836 ut
1127 3768 1265 3837 dicebant
1303 3773 1309 3783 ’

115 3884 331 3958 accusatores,
348 3878 585 3961 impetrassent.
616 3879 736 3943 Eorum
753 3877 896 3942 omnium
919 3895 999 3960 quos
1018 3876 1088 3961 jam
1111 3874 1269 3943 citavimus

115 3981 331 4070 undequaque
348 3985 533 4049 testimonie
556 3990 590 4048 et
606 3988 680 4049 vota
708 3984 735 4048 si
756 3981 982 4049 recordaberis
1006 3986 1041 4046 ct
1058 3989 1137 4049 acta
1147 3980 1270 4068 judicie

118 4109 204 4169 rum,
238 4090 265 4153 si
293 4111 403 4156 coram
436 4097 469 4156 te
493 4090 556 4174 legi
580 4089 725 4169 curabis,
758 4089 854 4175 plane
881 4087 1024 4154 invenies
1047 4108 1101 4156 me
1131 4087 1175 4158 ab
1196 4083 1270 4157 omui

692 4237 708 4275 *

192 4325 202 4370 l
225 4309 295 4373 liber
314 4326 385 4376 diese
405 4329 485 4378 brieie
505 4328 558 4394 rgl.
578 4329 620 4379 die
639 4330 709 4379 notin
732 4328 799 4380 oben
825 4344 857 4378 zu
880 4340 936 4377 nro.
956 4324 1052 4393 cclx,
1077 4344 1099 4382 s.
1124 4335 1190 4397 241,
1208 4347 1230 4384 s.
1254 4332 1271 4380 1.

135 4409 184 4457 Die
205 4412 382 4481 abstimmnng
404 4433 462 4466 vom
483 4422 497 4467 2
517 4418 573 4469 Juli
598 4420 663 4474 1515
685 4417 828 4489 Rcuohlin3
848 4433 868 4469 s.
893 4417 953 4467 319.
