2798 4980
654 352 727 418 ¹183

119 557 367 627 rorgenommen,
397 541 481 609 bahe
512 540 559 608 sie
588 539 756 610 iibersetzt
785 541 852 610 und
874 540 940 610 ihm
964 542 1162 628 zugeeignot.
1209 541 1282 610 Von

118 648 266 715 walchem
297 647 518 733 Hippokrates
551 648 604 713 dis
637 648 752 714 schrift
782 649 961 732 herrthre,
991 651 1084 716 wisse
1115 670 1152 715 er
1184 646 1281 713 nicht.

114 755 159 821 Er
180 752 332 821 versucht
355 775 395 820 zu
410 753 532 837 zeigen,
557 752 633 820 dass
650 753 702 820 die
719 754 858 821 medicis
875 777 936 823 von
952 755 1015 822 den
1026 754 1283 842 judenstamme

114 859 179 927 und
203 880 264 925 von
287 859 385 925 ihnen
409 858 496 925 allen
519 858 653 926 vdlkeru
676 861 873 944 mitgetheilt
896 860 953 927 sei.
1253 942 1256 946 ⁴

201 962 269 1030 Nec
300 964 335 1029 id
364 964 425 1030 tibi
453 964 655 1031 stomachum
680 972 820 1047 moveat,
850 967 944 1051 quasi
972 966 1080 1059 nostri
1103 964 1204 1031 seculi
1226 965 1283 1030 Ju·
1341 1025 1346 1033 .

114 1069 202 1135 daeos
239 1070 289 1136 vel
328 1069 499 1157 formidine
535 1091 639 1156 prenae
677 1070 718 1136 ob
756 1077 940 1138 anteactam
979 1069 1137 1136 scelerate
1174 1069 1282 1148 vitem,

114 1174 165 1241 vel
199 1182 335 1262 propter
363 1180 523 1260 quastum
559 1175 749 1260 ampliorem
784 1182 843 1242 aut
880 1175 1073 1260 explendam
1113 1173 1281 1241 libidinem

112 1301 202 1366 aqua
226 1280 408 1365 baptizatos
416 1280 429 1360 ,’
453 1281 572 1347 tinctos
602 1287 661 1347 aut
687 1302 812 1347 mersos
834 1286 928 1348 tanto
952 1286 986 1348 et
1008 1280 1068 1347 tali
1091 1280 1204 1365 digner
1225 1280 1282 1365 ho

114 1407 203 1466 nore,
226 1390 264 1452 ut
286 1385 351 1451 sint
373 1386 406 1451 in
429 1407 563 1454 numero
587 1387 841 1454 clarissimorum
860 1386 1059 1453 medicorum
1081 1385 1279 1454 recensendi.

91 1491 188 1570 ‚Non
217 1491 303 1558 cuim
332 1491 397 1558 illis
425 1491 626 1578 vagabundis
656 1513 772 1560 nomen
802 1493 884 1558 artis
914 1497 983 1558 tam
1013 1491 1203 1560 honorabile
1225 1492 1283 1558 im-

113 1597 239 1682 pertiar
263 1611 402 1683 quorum
424 1596 563 1682 perfidia
578 1598 769 1685 frequenter
784 1596 827 1662 ad
843 1598 997 1663 vomitum
1012 1595 1105 1662 redit
1145 1597 1283 1663 Possent

100 1709 225 1784 ,tamen
255 1703 361 1769 fateor
383 1702 524 1769 inveniri
553 1725 592 1771 ex
624 1703 821 1789 ejuscemodi
844 1701 967 1768 Judaeis
992 1701 1166 1787 baptizatis
1188 1700 1282 1767 malae

115 1799 239 1888 bestia,
263 1809 369 1894 quise
392 1807 480 1892 ipsos
504 1810 627 1895 rejecta
649 1810 736 1876 omni
761 1807 954 1873 verecundia
976 1806 1096 1892 partim
1121 1811 1280 1872 vestrates

117 1914 149 1981 in
173 1913 449 1999 parabalonorum
476 1913 509 1979 id
539 1919 590 1980 est
616 1935 732 1980 manus
756 1913 988 1998 applicantium
1011 1912 1175 1978 consortia
1196 1911 1284 1995 inge-

115 2041 199 2100 rere,
223 2020 344 2104 partim
360 2025 524 2086 nostrates
539 2040 621 2086 ausu
636 2019 811 2086 temerario
827 2039 897 2084 sese
913 2016 1080 2101 theologos
1095 2016 1281 2100 hebraistas

115 2125 399 2210 fallaciloquenter
430 2123 551 2209 fingere
580 2146 645 2191 non
673 2129 816 2205 cessant,
844 2145 918 2190 oum
956 2122 1026 2189 siut
1061 2122 1123 2206 ipsi
1152 2121 1282 2217 penitus

115 2231 240 2298 indocti
267 2237 300 2296 et
332 2230 452 2296 nulhus
484 2230 576 2297 bonae
607 2231 689 2312 artis
716 2229 837 2298 initiati
859 2277 964 2295 .....
994 2227 1113 2325 Quales
1142 2232 1282 2312 uterque

112 2341 261 2402 nostrum
280 2336 349 2421 jam
380 2335 506 2420 pridem
536 2337 644 2403 sortiti
670 2336 780 2402 sumus
813 2335 970 2419 mastigas
997 2333 1146 2400 Judaeum
1178 2332 1284 2417 bapti-

112 2446 221 2507 zatum
244 2441 382 2525 quisque
414 2463 523 2523 sunm,
552 2448 590 2508 tu
611 2440 702 2508 illum
726 2441 782 2526 qui
810 2446 844 2506 te
867 2440 1097 2525 contempserit
1119 2439 1154 2503 in
1184 2438 1285 2505 medi·

105 2546 209 2628 caudi
241 2546 397 2613 facultate
427 2549 452 2628 ¹,
486 2569 582 2633 quem
615 2547 711 2614 Ulma
745 2553 803 2612 tua
825 2545 962 2612 celebris
997 2544 1128 2611 civitate
1161 2545 1283 2629 exegit3

112 2674 151 2719 ae
176 2673 236 2737 ego
260 2673 333 2719 eum
357 2653 413 2738 qui
435 2653 515 2718 mihi
529 2653 690 2720 restiterit
711 2653 745 2717 in
768 2658 906 2737 utroque
925 2652 999 2737 jure
1018 2649 1284 2717 calumniatorem

113 2757 396 2826 mendacissimum
419 2765 453 2825 et
475 2758 613 2844 perfidia
638 2764 890 2825 scatentem...

203 2884 452 2960 Widmungsbrief
464 2887 517 2946 der
531 2885 644 2948 schrift:
669 2888 860 2960 Hippocrates
877 2885 913 2945 de
927 2885 1139 2959 praeparatione
1163 2881 1285 2942 hominis

114 2990 270 3069 (Reuohlin
286 2991 315 3052 S.
334 2994 374 3050 96
390 2991 418 3050 A
435 2990 467 3066 2)
484 2987 538 3054 Ab.
555 2994 599 3054 bis
615 2994 642 3053 A
659 2997 704 3052 4⁸.

640 3175 764 3242 CLVII.

186 3261 334 3330 Niirnberg'.
1052 3267 1062 3312 l
1084 3261 1148 3312 Dec.
1171 3261 1247 3311 1512.

102 3468 105 3473 ⁵
169 3376 379 3453 Bilibaldus
406 3360 650 3477 Pyrkaimer²
677 3377 819 3452 Joanni
845 3374 1030 3452 Reuohhn
1057 3374 1224 3450 salutem.
1257 3357 1259 3360 ‚

205 3523 335 3608 Scripsi,
359 3524 407 3589 vir
430 3523 617 3605 clarissime,
641 3529 755 3590 aestate
772 3523 884 3608 elapsa
901 3523 914 3564 ³
936 3544 1010 3590 cum
1025 3523 1099 3591 hinc
1115 3522 1279 3588 Treverim

115 3628 266 3694 abiturus
298 3650 416 3709 essem,
447 3628 607 3715 simulque
636 3629 696 3695 tibi
719 3630 846 3696 ostendi
870 3630 1098 3698 Demosthenis
1122 3629 1285 3695 orationes

117 3755 183 3801 una
211 3754 284 3799 cum
315 3735 557 3800 commentariis
581 3756 621 3800 ox
644 3734 789 3802 Venetiis
812 3735 931 3803 allatas
955 3756 1023 3801 esse
1040 3736 1063 3799 ⁴.
1110 3734 1188 3799 Inde
1211 3753 1284 3797 cum

675 3859 694 3894 *li

114 3944 158 3995 dis
177 3943 245 3995 nach
263 3944 363 3994 seinem
383 3943 444 3996 tode
463 3945 679 4012 berausgegeben
701 3945 821 3998 wurdcn:
840 3946 895 4011 vpl.
909 3946 1095 4011 Wsyermann:
1114 3940 1286 3992 nechriohten

114 4051 167 4086 von
189 4026 326 4083 hiihstlern
345 4031 399 4083 und
418 4032 553 4099 gelehrten
572 4034 600 4083 iu
621 4034 681 4086 Ulm
703 4037 769 4086 1798
793 4035 805 4083 l
824 4050 845 4085 s.
865 4036 915 4084 487
935 4033 972 4098 fg.
1010 4032 1096 4082 Wann
1116 4028 1224 4080 Stooher
1243 4027 1286 4079 die

114 4109 322 4183 bebanntschait
336 4121 478 4172 Reuohlins
492 4121 615 4188 gemacht
628 4123 682 4184 bat,
702 4121 815 4173 dariibcr
828 4120 915 4170 feblen
928 4120 970 4170 dic
981 4118 1165 4182 nacbrichten,
1180 4118 1286 4184 Weyer·

113 4226 195 4263 mann
212 4210 248 4261 ist
265 4209 450 4276 vorliegendcr
468 4210 541 4261 brief
556 4210 710 4261 unbekannt
728 4208 877 4277 gehlieben.

191 4304 202 4349 l
223 4283 297 4350 llbsr
315 4297 402 4350 dieses
420 4299 550 4365 ereigniss
568 4315 618 4352 aus
638 4298 696 4350 dem
711 4299 792 4351 leben
806 4297 852 4348 des
870 4294 996 4347 stolatus
1015 4295 1051 4345 ist
1068 4295 1118 4346 mir
1136 4294 1223 4346 niohts
1240 4296 1286 4347 bs-

112 4389 207 4443 knunt.
287 4386 479 4452 thrhaimar
504 4392 529 4438 2.
574 4387 755 4438 Pirolrheimer
773 4384 893 4438 dohanni
920 4383 1067 4434 Reuohlino
1093 4387 1118 4433 4.
1192 4384 1207 4431 3
1234 4382 1287 4431 Der

91 4477 192 4550 ,boot
204 4474 315 4535 cursen
328 4475 385 4536 ures
398 4457 504 4537 rusus,
518 4475 577 4537 siau
590 4473 703 4550 seirent,
722 4477 755 4549 ag
770 4472 986 4544 saturaturus,
1053 4477 1069 4532 a
1089 4471 1171 4530 siau
1184 4468 1287 4526 ostenti
