2580 4178
164 116 179 171 1
204 131 246 169 ε·-
266 114 441 174 Rudimenta
462 117 597 175 hebraica
621 116 697 175 ohne
719 82 1007 218 eigenllicljherjruditel,
1032 124 1061 180 in
1085 123 1136 184 der
1157 125 1237 182 mltto

67 217 121 277 des
138 223 237 278 ersten
252 219 372 303 blattes:
396 221 631 281 PRINCIPIUM
649 223 755 282 LIBRI
775 219 825 295 lb;
850 216 1071 309 die,airlsohrift
1087 230 1138 287 wie
1161 228 1237 287 oben

66 340 90 382 s.
109 325 163 382 88.
184 326 244 383 621
263 341 301 383 ss.
317 325 348 383 in
362 325 402 384 kl.
420 325 471 385 lol.
489 343 515 384 a.
533 343 557 384 e.
574 327 666 400 Exegi
683 360 720 370 —
738 329 848 388 MDVI.
930 328 995 415 βξ.

66 445 424 506 v0r1.sm0:rnoncn
447 448 489 505 ns
787 480 789 483 -
936 411 1073 541 jaula
1102 453 1189 512 nno.
1221 521 1224 528 ,

264 551 471 610 ansanum
590 553 911 615 nuonorucnerzeanen
957 537 1084 637 salino
1107 559 1196 617 nnn.

264 655 431 716 APRILES
676 659 828 718 Anshelms
954 661 1062 721 ANNO
1074 656 1211 749 llll.''l).Vl.

117 761 137 819 l.
155 762 241 820 selle:
266 761 370 822 FlNlS
393 762 508 821 LIBRI.

67 886 149 942 2:
166 886 184 942 2
201 882 282 942 near.
308 884 412 958 zenon,
438 883 529 942 nanu:
553 884 719 945 loannis
743 882 970 969 nnvonmssm
992 851 1235 967 proscindas

62 988 179 1048 nrum
201 987 357 1048 onmem
379 989 432 1048 nr
455 989 594 1048 sacam
617 985 788 1071 nngbrneae
805 994 911 1066 nnguae
938 995 1068 1065 adeoque
1084 972 1234 1082 meraldo

62 1095 216 1153 literarum
231 1097 356 1154 omnium
376 1097 407 1153 in
423 1093 576 1153 Germania
597 1097 722 1166 autoris,
751 1093 753 1176 l
772 1099 802 1155 in
819 1097 928 1155 Gallias
945 1114 1013 1156 vero
1031 1105 1060 1156 et
1074 1100 1158 1157 Italia
1173 1077 1234 1183 vius

63 1200 137 1258 dicis
160 1199 336 1258 LEXIOON
361 1199 536 1258 Hebraicum
557 1230 578 1258 ,ν
581 1244 677 1259 .....
704 1218 768 1273 quae
799 1202 960 1261 Sebastiani
981 1204 1124 1260 Illnnsteri
1147 1220 1236 1276 opera

61 1305 204 1364 absolutae
220 1313 287 1364 sunt
304 1310 321 1364 2
338 1323 442 1379 unpag.
461 1306 522 1379 bil,
540 1304 591 1364 auf
606 1305 699 1364 denen
716 1307 762 1365 die
778 1307 904 1366 vorrede
920 1308 980 1364 und
998 1310 1061 1364 418
1079 1308 1169 1364 seiten
1185 1307 1234 1366 fol.

61 1409 97 1469 A.
114 1395 150 1468 ir.
168 1409 349 1495 nasmnm
364 1410 444 1468 nne
464 1410 673 1470 nannicvnr
693 1410 873 1486 parurn,
899 1404 1055 1491 inausa
1081 1412 1233 1469 musmo

64 1511 176 1576 ANNO
192 1515 405 1575 MDXXXVII.

548 1762 749 1828 LXXXXVL

135 1885 279 1951 stuttgart.
985 1889 1018 1936 aa
1038 1886 1098 1937 Jan.
1122 1889 1198 1938 1507.

60 2004 260 2108 [Renchlin
279 2002 341 2106 an]
354 2004 505 2078 Meister
520 2006 701 2078 Hannsen
718 2004 970 2080 Ammerbach
989 2005 1235 2082 buchtruoker

555 2156 600 2201 zu
619 2128 740 2201 Basel.

148 2303 179 2369 S.
197 2303 234 2368 D.
251 2305 285 2369 P.
309 2303 381 2370 Non
404 2305 519 2371 defore
537 2311 627 2370 tuam
649 2306 682 2369 in
705 2327 740 2370 re
757 2327 830 2371 mea
846 2305 943 2370 fidem
960 2307 1062 2389 Cyrus
1082 2309 1092 2346 ¹
1116 2329 1233 2373 renun-

60 2410 170 2489 ciavit,
193 2409 368 2475 caiatiam
391 2409 515 2494 absque
534 2412 597 2475 luis
614 2410 718 2475 literis
742 2411 883 2488 credam,
909 2413 1055 2494 quamvis
1079 2412 1234 2494 singulari

57 2536 108 2579 me
132 2512 300 2598 voluptate
324 2514 488 2581 affecisses
512 2515 691 2580 scribendo.
739 2515 802 2580 Sed
834 2522 870 2579 tu
893 2514 1019 2593 multis,
1049 2522 1084 2580 ut
1110 2518 1233 2599 opinor,

58 2620 146 2685 curis
168 2618 304 2685 obrutus
328 2620 379 2684 vel
401 2621 493 2686 binos
518 2620 624 2684 sulcos
647 2642 742 2684 arare
774 2641 835 2683 non
872 2638 985 2702 posses
1016 2621 1037 2683 ².
1083 2622 1229 2703 Expecto

57 2731 170 2790 tamen
194 2724 402 2789 vehementer
426 2725 537 2790 literas
562 2732 635 2790 tuas
667 2727 765 2789 etiem
789 2746 911 2808 pancas
936 2731 1232 2808 quantumcunque,

57 2830 177 2915 quibus
194 2830 320 2893 caeteris
344 2829 430 2912 apud
448 2851 497 2893 me
522 2830 719 2894 instantibus
743 2831 774 2893 in
799 2852 836 2894 eo
860 2829 1000 2913 negotio,
1028 2830 1115 2914 quod
1139 2832 1233 2909 nosti,

56 2935 262 3020 providentia
285 2956 358 2998 mea
388 2935 556 2999 clarescat.
604 2935 695 3012 Quod
718 2935 800 3000 filios
827 2935 839 2973 ⁸
870 2935 970 3000 habes
993 2942 1026 2999 et
1050 2936 1173 2999 dociles
1200 2941 1233 3001 et

57 3047 222 3105 amatores
245 3039 401 3104 bonarum
429 3040 608 3118 literarum,
632 3041 756 3123 gaudeo
780 3040 867 3104 haud
891 3040 1109 3119 mediocriter,
1135 3040 1232 3106 oredo

57 3146 145 3225 mihi,
168 3145 217 3209 tui
234 3166 341 3210 eausa.
373 3147 428 3210 Eis
452 3146 627 3230 aliqnando
652 3147 679 3211 si
702 3147 824 3228 poterit
847 3167 919 3211 mea
936 3167 1036 3229 opera
1059 3147 1132 3211 usui
1149 3146 1227 3226 fore,

635 3342 649 3375 l<

133 3467 141 3510 l
166 3462 260 3529 Cyrus]
282 3460 449 3511 Unbokannt.
489 3461 537 3509 Die
563 3463 587 3508 in
615 3461 713 3510 diesem
734 3461 815 3510 bricle
836 3463 1007 3526 allgedcutoto
1029 3461 1233 3526 angelegenheit

55 3550 121 3600 lasse
140 3549 198 3599 sloh
218 3549 290 3598 ulcht
308 3549 390 3599 nither
413 3549 586 3618 beselelmcm
616 3552 648 3598 da
675 3552 720 3598 wir
747 3550 807 3598 keIn
829 3551 935 3598 zeichen
956 3549 1106 3598 bricssiclrer
1126 3547 1231 3596 verbin-

54 3638 126 3703 dung
147 3621 278 3687 zwischen
293 3638 440 3687 Amerbach
461 3638 512 3686 und
529 3639 658 3687 Rcuchlin
678 3655 725 3687 vor
745 3654 864 3686 unscrcm
882 3636 965 3684 briose
985 3638 1097 3685 konnen.
1137 3637 1231 3686 Wahr·

53 3724 203 3776 soheinlich
227 3726 286 3775 sind
312 3743 339 3776 os
364 3727 405 3776 die
431 3725 648 3790 verbandlungcn
677 3741 766 3790 wegon
796 3725 841 3773 des
868 3724 971 3788 verlags
1000 3725 1045 3772 der
1075 3723 1232 3773 Rudimenla

52 3815 137 3876 hebr,
158 3815 205 3864 anf
222 3813 264 3864 die
283 3815 339 3864 sich
360 3818 519 3880 wenigstcns
539 3813 580 3862 dle
601 3812 741 3878 folgenden
760 3813 842 3861 briefe
863 3811 982 3860 beziehn.
1016 3797 1090 3861 Uber
1110 3812 1151 3861 dle
1171 3829 1232 3878 per-

51 3902 192 3954 sduliohon
212 3901 391 3969 boziehungcn
411 3904 501 3953 beiden
520 3908 628 3951 manner
648 3901 701 3965 vgl.
724 3900 790 3949 oben
812 3905 844 3950 30
865 3902 936 3948 Mara
959 3902 1024 3948 1495
1052 3900 1104 3948 und
1127 3899 1229 3948 Reueh-

53 3990 130 4042 lins.
156 3993 390 4054 15‚58,7u,184.
447 3996 567 4043 latrare
592 3995 610 4038 l.
669 3989 783 4055 aelios]
805 3991 900 4048 Bruno‚
922 3988 1228 4051 Basilius‚Bouilaoius.
