2798 4980
672 315 735 385 171

118 506 324 575 trabeatum
352 504 549 584 existimavi,
582 504 682 570 etiam
710 503 841 571 oraculo
865 503 1027 584 veritatis,
1051 503 1138 589 quod
1161 502 1283 571 malum

119 614 157 680 de
186 635 237 678 me
270 612 422 678 dixerunt
452 611 656 676 mentientes.
703 611 785 676 Nam
809 610 913 677 multa
936 631 1090 694 generose
1113 611 1283 677 ferendum

117 726 167 787 est
180 719 266 786 bono
282 719 351 784 rire
366 716 425 802 ⁴qui
448 737 482 782 se
499 717 622 783 mavult
638 717 756 782 vixisse
773 737 870 801 quam
887 716 1038 800 spirasse.
1086 715 1179 783 Unde
1195 715 1282 801 quod

116 825 194 891 mihi
223 823 345 889 malum
375 822 490 902 scribis
515 821 776 888 Climacterioum
810 841 881 887 esse
905 822 1079 901 minatum,
1110 822 1144 886 id
1167 842 1225 905 ego
1248 822 1282 886 iu

116 935 243 1016 partem
266 927 445 994 foelicitatis
468 948 598 1012 repono,
622 949 681 992 nec
703 927 796 993 illum
818 926 913 992 famae
932 928 1096 1011 jacturam
1118 927 1200 1007 volo,
1223 926 1281 992 sed

116 1036 225 1121 gloriae
247 1034 502 1123 perpetuitatem
525 1035 708 1118 praesagire.
755 1033 891 1112 Quando
907 1033 992 1098 enim
1008 1033 1282 1100 incendiariorum

116 1150 302 1208 contremo
325 1140 451 1206 famosa
474 1138 671 1205 machinatio
694 1140 793 1223 coepit
816 1140 899 1205 scire
922 1138 1010 1205 licet.

201 1248 295 1312 Anno
318 1245 425 1311 aetatis
448 1265 528 1310 meae
552 1244 819 1330 quinquagesimo
843 1245 955 1330 quinto
978 1250 1056 1310 tunc
1080 1250 1199 1329 praesto
1222 1244 1281 1310 ad-

116 1357 185 1418 erat
201 1351 419 1418 Climacterici
436 1352 446 1388 ¹
470 1371 492 1416 a
514 1349 617 1415 natali
631 1372 703 1416 meo
720 1351 776 1435 qui
791 1350 854 1415 suit
869 1349 991 1417 Christi
1009 1355 1093 1416 1455
1111 1351 1144 1415 in
1159 1371 1279 1416 anuum

119 1463 202 1523 1510
230 1456 393 1522 revolutio
423 1456 600 1540 ejusmodi,
639 1456 730 1540 cujus
752 1453 905 1540 figuram,
940 1457 1017 1542 quia
1049 1455 1276 1540 philosophum

114 1570 145 1629 te
167 1562 349 1648 perfectum
373 1567 407 1626 et
429 1582 493 1625 non
516 1560 677 1626 trivialem
700 1581 848 1644 agnosco,
872 1561 924 1627 hic
948 1561 1009 1626 tibi
1032 1561 1176 1645 ascripsi.
1215 1561 1280 1628 Ubi

114 1668 294 1752 conspicies
310 1668 485 1734 Saturnum
509 1671 634 1751 septem
658 1666 875 1746 fortitudines,
900 1668 1039 1732 Martem
1055 1672 1128 1733 octo
1144 1666 1275 1746 habere,

114 1774 170 1840 sed
193 1774 307 1840 Jovem
337 1773 393 1857 qui
416 1771 523 1838 Zedek
554 1772 707 1839 hebraice
738 1774 923 1839 nominatur
945 1773 978 1838 id
1003 1777 1054 1839 est
1071 1773 1196 1857 justus,
1219 1773 1280 1837 mi·

113 1901 224 1947 norem
253 1879 293 1944 iis
326 1899 459 1946 esseae
483 1879 585 1944 ternis
618 1878 722 1944 solum
754 1878 877 1944 viribus
909 1879 1043 1963 pollere.
1088 1877 1174 1943 Audi
1195 1899 1281 1943 nuno

112 1985 355 2070 Hierophantas
381 1989 414 2050 et
434 1984 666 2069 praesagiorum
687 1990 778 2050 vates
794 1985 937 2050 Bonatus
954 1984 994 2049 de
1011 1983 1279 2050 revolutionibus:

111 2113 184 2165 cum
208 2091 382 2170 Saturnus,
412 2090 474 2170 ait,
505 2090 544 2154 in·
567 2091 666 2156 tertia
690 2090 783 2156 domo
806 2085 914 2156 fuerit*
927 2090 1091 2170 inventus,
1120 2087 1280 2173 significat

111 2197 224 2264 rixas²
248 2201 282 2261 et
305 2196 484 2264 discordias
500 2202 653 2262 venturas
675 2197 751 2281 plus
774 2196 879 2262 solito.
925 2196 1083 2262 Firmicus
1105 2195 1167 2261 ita:
1191 2195 1281 2261 Mars

112 2304 144 2368 iu
175 2307 295 2388 quarto
317 2301 389 2368 loco
412 2301 510 2368 faciet
533 2325 588 2370 eos
612 2303 680 2368 sine
703 2303 810 2386 gratia
831 2309 988 2387 praestare
1012 2302 1099 2388 quod
1122 2301 1281 2370 dederint.

114 2409 196 2476 Nam
230 2403 412 2494 quicunque
436 2408 560 2494 aliquid
583 2409 626 2475 ab
648 2409 729 2494 ipsis
751 2407 851 2474 fuerit
873 2415 1101 2494 consequutus,
1132 2411 1279 2495 ingratus

110 2515 174 2583 illis
198 2535 327 2598 semper
350 2514 468 2579 existit.
516 2515 640 2581 Deinde
674 2515 701 2580 si
726 2516 814 2582 Mars
837 2515 937 2580 fuerit
958 2516 1190 2601 iuScorpioue
1213 2516 1282 2603 qui-

111 2642 251 2706 cumque
276 2642 349 2686 eum
373 2620 418 2685 sic
441 2619 617 2686 habuerint
639 2621 785 2688 homines
810 2626 906 2688 erunt
929 2622 985 2706 qui
1008 2622 1157 2689 omnibus
1185 2622 1280 2688 facile

111 2727 249 2793 inimicis
271 2727 339 2792 suis
355 2725 567 2807 dominentur,
592 2733 688 2792 eruut
709 2748 837 2811 quoque
856 2726 917 2791 alti
932 2728 1070 2793 nominis
1085 2728 1280 2814 optimaeque

111 2834 238 2900 iamae“.
285 2831 377 2910 Quod
400 2831 451 2896 hio
475 2832 670 2922 Cuspiniane
696 2832 817 2912 cernis,
841 2853 913 2897 cum
943 2838 1020 2898 ante
1049 2839 1167 2898 catera
1189 2833 1280 2898 Mars

111 2938 255 3023 gaudeat
287 2938 463 3022 scorpione.
509 2941 557 3004 De
580 2940 661 3005 Jove
696 2944 805 3005 autem
840 2939 1005 3002 Bonatus:
1045 2939 1150 3022 ,quod
1184 2939 1212 3004 si
1246 2939 1280 3005 in

110 3045 224 3130 quinto
248 3041 392 3124 habitet,
414 3043 528 3110 fientes
558 3045 702 3111 honesta
735 3065 805 3129 quae
837 3049 1003 3109 merentur
1026 3044 1189 3110 laudem“.
1236 3046 1280 3111 Et

110 3150 268 3216 Firminus
293 3171 434 3235 quoque:
469 3151 617 3236 „Jupiter
647 3151 680 3216 in
712 3151 824 3236 quinto
854 3171 972 3234 magna
994 3150 1199 3220 foelicitatum
1223 3172 1279 3235 ag-

110 3262 221 3322 menta
249 3255 425 3322 deceruit“.
471 3256 582 3323 Habes
612 3279 653 3321 ex
682 3257 789 3341 adytis
813 3277 968 3340 responsa
992 3247 1109 3340 quibus
1132 3256 1277 3323 arbitror

109 3363 141 3429 in
165 3367 280 3429 nostra
303 3381 415 3441 causa,
446 3383 520 3427 cum
548 3362 659 3428 videas
682 3361 819 3446 figuram
843 3361 931 3443 coeli,
963 3362 1042 3428 nihil
1066 3384 1137 3429 esse
1160 3364 1277 3430 verius.

109 3468 201 3537 Adde
225 3472 301 3553 post
331 3472 455 3532 naturae
484 3473 607 3550 motus,
639 3469 736 3535 etiam
765 3490 891 3534 morum
920 3468 1137 3535 conditionem
1162 3475 1196 3535 et
1218 3470 1279 3536 vir-

111 3580 219 3642 tutum
256 3573 570 3660 quantuluscumque
605 3575 682 3657 sim,
708 3577 778 3660 jam
809 3576 894 3641 enim
929 3575 1134 3642 familiariter
1171 3582 1280 3643 tecum

108 3684 233 3767 loquor,
252 3680 414 3766 jungeque
441 3681 659 3750 innocentiam
682 3703 805 3762 meam,
835 3682 881 3748 sic
904 3680 1000 3748 facile
1024 3681 1187 3767 judicabis
1210 3683 1278 3748 viro

682 3831 698 3866 *

185 3920 194 3964 1
217 3916 296 3965 Sonat
311 3916 373 3966 wird
388 3917 416 3982 ja
434 3917 482 3969 das
499 3917 617 3969 siebente
631 3918 693 3983 jahr
711 3919 750 3970 als
768 3934 852 3969 annus
871 3918 1064 3970 climactericos
1082 3933 1279 3985 angenommen,

108 4005 165 4055 hier
183 4005 219 4053 ist
239 4020 266 4054 es
286 4005 428 4072 dasjcnige,
448 4007 495 4058 das
515 4011 541 4059 in
561 4008 647 4058 seiner
659 4024 759 4060 summe
777 4008 823 4058 der
837 4007 895 4057 zahl
915 4007 961 4058 des
974 4005 1169 4073 geburtsjahres
1189 4007 1279 4077 glelch

107 4095 151 4144 ist.
190 4093 240 4142 Die
266 4093 412 4160 zeichnuug
430 4096 464 4144 ist
489 4095 546 4147 dem
572 4096 655 4146 briefe
682 4098 756 4147 nieht
778 4097 923 4162 beigeiiigt.
998 4100 1012 4146 2
1034 4096 1155 4147 Gemcint
1178 4097 1213 4151 at
1233 4097 1280 4153 dar

106 4182 178 4232 work
197 4181 349 4232 Matheseos
372 4182 434 4232 libri
455 4184 515 4234 Vill
536 4184 590 4247 das,
617 4202 667 4236 von
687 4187 776 4236 Julius
794 4185 924 4234 Firmicus
944 4185 1091 4250 Maternus,
1118 4192 1194 4240 ubter
1212 4186 1279 4245 Ocn-

104 4271 204 4321 rtantin
229 4269 290 4320 dem
309 4266 417 4334 grohen,
435 4271 572 4324 vielleicht
589 4274 657 4324 nach
678 4275 771 4326 dassen
791 4275 851 4324 todo
870 4275 921 4324 336
942 4274 1063 4340 variaret,
1081 4281 1168 4331 ruent
1189 4276 1278 4335 Vetat.

107 4359 240 4411 1497f01.
262 4357 384 4408 orsohion
404 4360 456 4408 und
479 4366 568 4426 spittor
593 4362 682 4429 lruufig
706 4362 840 4428 arrigelegt
864 4361 965 4426 warde,
990 4364 1063 4418 mehr
1088 4366 1280 4443 atttologltutbti

100 4446 294 4522 gegensttnde,
314 4445 355 4496 als
375 4446 416 4497 die
433 4449 666 4508 mathematiscben
688 4450 789 4510 Lebreu
809 4451 958 4511 habands-lt,
