2798 4980
667 320 729 388 145

108 509 215 577 excidi
239 509 415 592 memoria3
434 510 503 596 jam
517 511 658 577 alterum
676 510 777 578 habes
797 509 981 592 Gracum13
1012 512 1046 578 id
1069 512 1129 579 tibi
1147 520 1198 580 sat
1221 519 1280 582 est.

109 614 278 700 Complevi
308 615 482 700 epistolare
510 639 534 683 s.
559 616 760 703 Hieronymi,
790 617 883 702 cujus
913 617 994 684 duas
1024 625 1136 702 partes
1166 619 1284 685 Franc-

108 721 251 786 fordiam
281 721 354 786 misi
381 721 424 787 ad
454 722 612 789 nundinas
641 723 788 808 proxime
812 722 958 802 habitas,
995 723 1094 789 tertia
1123 745 1200 807 pars
1231 725 1282 790 rel

109 825 258 911 bajulum
288 831 440 918 expe-ctat
472 827 523 894 vel
558 828 680 894 alteras
711 826 968 913 quadragesimae
997 828 1176 909 nundinas3
1206 849 1280 895 oon-

110 936 275 996 summata
306 936 365 998 est.
410 933 494 999 Puto
524 954 574 999 me
605 933 713 999 omnia
735 932 807 998 loca
830 934 942 1017 graecis
965 932 1168 1018 hebraeisque
1198 955 1280 1000 vacu

109 1036 317 1120 areplevisse.
360 1036 454 1116 Quod
474 1036 501 1104 si
517 1037 735 1105 hallucinatus
755 1038 874 1104 fuerim
896 1043 929 1104 et
950 1038 1074 1124 aliquid
1106 1039 1279 1121 omiserim,

111 1143 267 1208 resartiet
289 1141 399 1208 Conon
422 1142 525 1210 frater
547 1149 659 1210 noster
686 1148 744 1209 aut
766 1144 876 1209 Bruno
906 1165 998 1210 meus
1027 1145 1169 1211 ebidem
1192 1152 1283 1227 tuus,

112 1247 165 1312 cui
189 1253 257 1311 tam
280 1268 384 1331 graeca
406 1270 506 1334 quam
533 1248 664 1316 hebraea
685 1270 788 1330 nunc,
816 1249 845 1316 si
867 1249 964 1330 volet,
988 1255 1076 1315 recte
1101 1251 1280 1316 credidero.

112 1353 140 1416 A
165 1352 285 1438 quibus
307 1353 386 1419 mihi
409 1375 615 1440 summopere
638 1354 819 1420 timendum
843 1360 902 1435 est,
925 1376 965 1420 ne
989 1356 1111 1422 laboris
1134 1357 1199 1422 mei
1224 1355 1285 1424 sibi

112 1457 250 1542 gloriam
278 1458 476 1544 proripiant,
506 1465 544 1525 ut
567 1481 641 1526 cum
665 1460 797 1525 Marone
821 1480 917 1542 cogar
940 1460 1098 1526 scribere:
1130 1461 1198 1527 Hos
1222 1482 1281 1545 ego

112 1563 290 1630 versiculos
312 1565 382 1646 feci,
406 1563 483 1631 tulit
504 1565 589 1631 alter
612 1566 775 1631 honorem.
822 1564 874 1630 Sic
897 1585 954 1629 vos
976 1585 1040 1630 non
1056 1564 1156 1633 robis.
1189 1567 1283 1633 Nunc

112 1670 209 1735 mitto
240 1669 283 1735 ad
313 1676 347 1735 te
379 1671 419 1736 ds
447 1692 528 1737 noro
565 1676 762 1737 testamento
804 1689 875 1754 quae
909 1671 1102 1735 restauravi.
1160 1671 1277 1736 Restat

113 1775 315 1860 psalterium,
338 1775 371 1840 in
395 1797 459 1860 qno
478 1776 547 1860 jam
572 1797 723 1861 occupor.
769 1775 817 1839 De
833 1774 1030 1860 Hieronymo
1046 1796 1145 1858 super
1161 1776 1282 1841 Lucam

113 1881 193 1947 nihil
217 1880 324 1948 adhuc
346 1880 507 1962 instituis3
544 1882 585 1947 de
609 1902 647 1947 eo
671 1879 815 1963 scripsi²
845 1883 944 1946 antea
966 1900 1114 1964 quarens
1137 1880 1285 1950 volunta

113 1992 181 2052 tem
204 1993 303 2052 tuam.
350 1986 520 2052 Hieremia
542 1992 739 2072 prototypon
761 1987 794 2050 in
818 1989 888 2050 tota
912 1983 1028 2050 Suesia
1051 2006 1114 2050 non
1142 1986 1279 2052 invenio.
1331 2026 1341 2035 -

115 2091 179 2159 Sed
213 2113 255 2158 ne
289 2091 367 2157 nihil
395 2112 505 2176 agam,
540 2093 644 2159 fretus
671 2098 729 2157 tua
760 2090 929 2175 signatura
958 2087 1140 2174 perficiam,
1174 2091 1283 2176 quoad

114 2219 242 2283 queam.
296 2197 457 2264 (laterum
475 2199 572 2284 jussu
594 2197 728 2263 loannis
751 2193 961 2278 Froberger³
989 2195 1029 2262 de
1049 2200 1107 2259 tuo
1130 2197 1283 2274 mandato

115 2303 272 2388 expedivi,
302 2309 342 2368 ut
370 2321 464 2370 ame
495 2305 599 2386 petiit,
630 2302 732 2368 libros
761 2300 1020 2366 rudimentorum
1052 2305 1085 2366 et
1103 2309 1282 2368 'vecturam

114 2410 266 2494 usquein
283 2409 448 2475 ciuitatem
464 2409 682 2493 Argentinam.
728 2406 876 2490 Expendi
891 2428 951 2489 pro
966 2408 1061 2488 vasis,
1084 2407 1165 2487 cibo,
1189 2415 1280 2492 potu,

114 2521 249 2581 rectura
276 2521 310 2581 et
337 2515 421 2594 aliis,
451 2520 550 2600 prout
576 2515 609 2580 in
638 2513 797 2592 rationali,
822 2511 911 2596 quod
933 2512 1178 2578 Francsordiam
1201 2514 1282 2595 misi,

114 2642 274 2691 summam
308 2622 451 2706 quinque
488 2619 686 2686 florenorum
727 2624 761 2684 et
801 2617 900 2683 trium
941 2617 1196 2702 blappardorum
1232 2620 1282 2686 vel
1358 2680 1367 2697 ι

113 2727 222 2792 verius
254 2732 273 2791 4
298 2726 401 2792 heller
425 2724 676 2810 Wirtenberger.
724 2725 804 2788 Eam
830 2721 1002 2805 pecuniam
1026 2743 1083 2788 oro
1106 2729 1138 2788 te
1162 2724 1279 2789 adme

114 2833 262 2898 remittas
285 2853 360 2897 cum
381 2831 443 2898 hoc
466 2839 578 2898 nostro
602 2831 695 2916 Cyro.
742 2829 813 2894 Non
837 2848 909 2893 sum
932 2826 993 2893 hoc
1016 2833 1163 2910 tempore
1186 2827 1281 2894 nimis

115 2945 251 3005 onustus
266 2937 421 3022 pecuniis,
444 2942 481 3004 ut
494 2937 722 3022 philosophum
745 2934 849 2999 decet.
879 2931 986 3011 Dicas,
1010 2951 1067 2996 oro
1084 2938 1126 3013 te,
1143 2932 1282 2997 salutem

114 3043 208 3108 uxori
239 3051 274 3110 et
307 3043 419 3111 liberis
448 3029 517 3110 tuis
549 3064 621 3109 meo
653 3041 781 3107 nomine
814 3044 848 3104 et
880 3037 1021 3103 feliciter
1062 3037 1179 3104 valeas.
1233 3038 1283 3102 Ex

115 3148 313 3233 Stutgardia
359 3148 460 3216 Nonis
482 3147 711 3216 novembribus
733 3164 818 3211 anno
844 3149 939 3211 1511.

518 3315 661 3383 loannes
683 3311 839 3380 Reuohlin
863 3309 1055 3378 Phorcensis
1077 3309 1140 3378 LL.
1165 3309 1235 3378 doc.

203 3546 279 3606 Ans:
297 3543 399 3606 Basler
414 3545 670 3609 universitatsbibl.
695 3545 849 3609 haudsehr.
871 3544 896 3606 G
922 3546 952 3606 II
975 3547 1032 3606 13⁸
1047 3561 1110 3605 nro.
1131 3548 1175 3605 66
1200 3549 1283 3604 auto·

113 3653 215 3725 graph.

694 3883 710 3924 ὴ

187 4004 274 4061 11111.
293 4005 382 4078 grac]
403 4007 518 4078 gemeint
537 4008 572 4061 ist
590 4009 653 4062 Jolr.
670 4009 761 4060 Conon
782 4005 872 4074 (Citra).
948 4009 961 4056 2
983 3999 1090 4072 Scripsi]
1110 3999 1284 4056 varmuthlieh

112 4097 138 4147 iu
153 4097 211 4149 dem
225 4097 293 4150 oben
307 4115 328 4149 s.
345 4103 403 4150 144.
415 4117 440 4151 a.
453 4101 469 4150 5
483 4097 634 4151 erwtthnten
647 4099 737 4151 briefe.
785 4099 800 4147 3
821 4095 974 4164 l'rcberger]
988 4111 1017 4145 so
1030 4092 1285 4146 schreibtReuchlin

112 4185 161 4236 don
181 4187 236 4238 ihm
255 4187 431 4239 vermuthlich
450 4204 500 4238 nur
520 4202 566 4238 aus
586 4189 658 4259 einer
676 4184 862 4236 undeutlichen
880 4181 1118 4234 brieiunterschril’t
1137 4181 1287 4234 bekannton

111 4275 186 4332 Hans
206 4277 317 4340 Froben,
336 4275 423 4326 neffcn
441 4276 487 4326 des
506 4275 717 4342 gleichnamigen
732 4273 884 4323 beriihmten
897 4271 1107 4334 buchdruchers;
1126 4272 1181 4338 vgl.
1196 4272 1286 4323 Bssler

111 4364 187 4416 beitr.
215 4380 263 4416 zur
290 4365 382 4416 vsterl.
408 4365 499 4430 gesob.
525 4366 574 4430 IX,
605 4381 626 4416 s.
653 4366 714 4414 531.
741 4359 926 4429 (Mittheilung
950 4377 1000 4411 von
1027 4361 1093 4427 prof.
1122 4350 1231 4410 Vis'cher
1259 4360 1286 4408 in

111 4452 213 4518 Bessi.)

137 4552 288 4594 Rsnchltn
1040 4523 1076 4583 l0
1186 4540 1189 4545 ’
