2798 4980
680 355 723 450 aa

115 548 192 617 vina
213 570 287 639 mea
318 571 403 616 nora
426 551 549 636 optima
572 554 761 622 dulcissima
793 551 881 618 etin
903 573 1021 637 magna
1054 553 1144 640 copia
1170 559 1288 641 gustet,

115 655 243 740 probet,
268 655 429 741 deglutiat
442 658 462 724 1.
510 659 610 743 Spero
635 661 720 726 enim
744 680 796 724 me
820 657 1007 724 habiturum
1030 658 1074 725 ad
1097 681 1216 728 annum
1238 662 1254 727 f
1273 701 1287 712 -

113 765 226 826 turum
250 761 402 845 plaustra
424 785 489 830 non
522 766 628 833 minus
652 766 716 831 vini
747 747 822 831 nobi
853 763 968 848 optimi
999 764 1177 831 dulcissimi
1221 767 1284 834 Ne·

112 866 236 932 minem
259 871 421 951 praeterea
436 868 564 937 habebo
587 870 735 956 quidum
758 891 852 935 mane
869 869 1065 952 surgendum
1082 876 1115 935 et
1130 871 1287 937 vestibus-

116 991 182 1055 que
206 970 403 1038 induendum
436 977 618 1058 promiscue
650 982 698 1042 et¹
716 977 781 1041 suis
815 981 848 1040 et
878 975 959 1040 meis
992 980 1105 1041 utatur
1134 976 1286 1043 vestibus.

115 1076 204 1154 Quid
234 1078 359 1143 multa?
383 1080 501 1146 carebo
526 1103 583 1167 ego
606 1083 700 1148 unico
724 1102 795 1147 meo
820 1079 946 1145 solatio.
1315 1066 1318 1072 ’

210 1183 260 1248 Ob
285 1205 340 1249 eas
363 1190 473 1250 tamen
495 1207 549 1252 res
565 1209 676 1253 omnes
699 1186 774 1253 nolo
797 1186 898 1250 facias
922 1185 1010 1268 quod
1036 1186 1098 1252 tibi
1123 1208 1187 1252 nou
1215 1209 1288 1253 con·

120 1287 230 1369 ducat,
255 1290 405 1374 quodque
433 1298 490 1357 tuo
514 1291 637 1376 judicio
668 1291 729 1357 tibi
757 1290 884 1357 videtur
918 1290 1097 1356 adversum.
1144 1292 1237 1371 Quod
1260 1294 1288 1358 si

121 1414 214 1478 aeque
238 1393 298 1459 tibi
321 1400 358 1459 ut
373 1395 452 1460 mihi
466 1405 660 1482 congrueret
683 1398 808 1463 faceres
832 1417 900 1460 rem
924 1395 1002 1460 mihi
1030 1396 1123 1480 longe
1146 1400 1288 1464 omnium

121 1499 262 1564 maxime
286 1500 519 1583 gratissimam,
549 1503 576 1567 si
604 1503 686 1568 hano
710 1502 856 1586 hyemem
879 1505 983 1565 totam
1007 1481 1105 1566 etiam
1128 1505 1208 1569 meis
1230 1504 1288 1569 im-

122 1605 233 1688 pensis
255 1604 424 1672 nobiscum
455 1628 582 1692 ageres,
609 1614 725 1692 postea
750 1627 845 1691 quarn
869 1606 954 1671 enim
975 1625 1123 1689 nupera
1150 1630 1201 1674 me
1225 1609 1288 1675 dis-

124 1710 271 1791 cessisti,
301 1718 370 1777 tum
391 1713 531 1796 primum
555 1715 641 1780 sensi
665 1734 723 1798 ego
746 1718 845 1797 atque
869 1709 1040 1792 magnifeci
1066 1710 1184 1777 solatia
1216 1735 1288 1798 quae

126 1835 165 1880 ex
195 1821 255 1881 tua
278 1819 452 1900 praesentia
474 1820 507 1884 in
531 1820 600 1886 dies
623 1838 824 1903 acceperam.
871 1815 976 1880 Nacta
1000 1815 1099 1881 semel
1123 1819 1288 1901 oportuni·

125 1926 194 1986 tate
226 1922 255 1986 si
282 1923 393 1988 venue
416 1932 616 2008 conpotes,
649 1923 797 1989 describe
820 1922 935 1987 saltem
958 1921 1051 1986 nobis
1075 1923 1173 1987 vitam
1197 1928 1288 1988 tuam

125 2025 338 2094 domesticam
370 2050 427 2095 seu
460 2028 700 2109 heremiticam}
736 2027 833 2095 credo
866 2028 948 2092 enim
981 2031 1014 2092 te
1045 2027 1078 2091 in
1113 2027 1286 2094 solitudine

124 2131 240 2199 domus
269 2139 335 2198 tuse
358 2155 430 2199 cum
454 2134 531 2201 solis
553 2134 645 2202 libris
668 2136 733 2200 tuis
757 2133 962 2214 delitescere,
994 2136 1027 2197 et
1049 2141 1087 2197 ut
1109 2131 1190 2198 alias
1213 2153 1287 2198 con-

123 2239 283 2304 stitueras
306 2260 326 2303 a
349 2239 487 2323 negotiis
510 2240 686 2306 curialibus
709 2240 883 2306 abstinere.
916 2244 917 2249 ’

206 2345 360 2409 Decanus
382 2351 494 2411 noster
517 2347 671 2430 spirensis
691 2348 760 2430 jam
783 2344 902 2427 multos
925 2342 994 2410 dies
1021 2341 1182 2409 laborarit
1203 2341 1288 2410 febri

114 2454 299 2533 quartana,
323 2449 374 2514 cui
397 2450 425 2514 si
440 2456 534 2534 potes
550 2451 657 2517 scribe
673 2451 910 2535 quamprimum
926 2448 1037 2514 literas
1054 2448 1287 2516 consolatorias

116 2560 153 2620 et
178 2553 407 2634 medicinales,
436 2555 537 2621 facies
566 2557 650 2621 enim
683 2557 712 2621 ei
740 2578 809 2621 rem
838 2560 974 2639 gratam.
1020 2554 1151 2620 Fuimus
1173 2576 1286 2640 nuper,

115 2659 359 2740 cancellarius,
390 2666 503 2742 pastor
530 2662 564 2725 in
596 2660 748 2727 Steinach
772 2667 805 2726 et
828 2669 886 2744 ego
910 2681 980 2725 cum
1006 2680 1043 2725 eo
1060 2661 1288 2725 consolationis

118 2785 236 2831 causa.
282 2765 421 2849 Fuitque
449 2766 491 2832 ob
520 2788 590 2832 eam
623 2765 725 2832 solam
748 2789 817 2831 rem
840 2786 943 2848 nuper
966 2787 1037 2830 cum
1063 2786 1100 2828 eo
1124 2765 1289 2830 serenissi-

111 2890 194 2937 mus
218 2869 371 2955 princeps
393 2877 515 2938 noster.
561 2872 722 2938 Caeterum
746 2871 825 2937 utile
842 2874 892 2951 (ut
907 2870 1038 2934 tandem
1054 2869 1113 2933 has
1129 2868 1287 2934 barbaras

112 2977 238 3044 literas
261 2976 468 3061 concludam)
494 2999 661 3062 sperarem
683 2977 779 3043 fratri
801 2977 890 3042 tuol
912 2975 990 3056 lore,
1014 2981 1050 3041 ut
1074 2976 1173 3041 semel
1196 2979 1288 3047 ades-

114 3088 361 3168 sespraesente
385 3084 545 3168 principe;
568 3090 680 3168 posset
703 3083 786 3149 enim
811 3082 916 3149 denuo
947 3081 977 3146 ei
999 3081 1145 3165 promitti
1167 3085 1288 3171 stipen-

114 3188 211 3256 dium
235 3209 295 3272 pro
310 3189 539 3273 continuanda
561 3189 699 3255 lectione
722 3189 755 3253 in
778 3187 890 3273 lingua
911 3207 1026 3272 graeca,
1049 3185 1092 3254 ad
1111 3190 1199 3272 quod
1214 3213 1288 3260 can-

115 3292 275 3363 cellarius
307 3293 457 3377 labcrat,
490 3295 548 3362 sed
583 3316 660 3362 suus
694 3294 782 3361 solus
813 3293 907 3360 labor
933 3293 1032 3361 timeo
1053 3315 1118 3361 non
1141 3296 1286 3378 sufficiet,

118 3420 310 3487 quanquam
341 3405 375 3466 et
404 3422 462 3485 ego
490 3422 555 3467 non
578 3400 706 3467 omnino
740 3397 907 3467 dormiam.
952 3400 1076 3487 Estque
1108 3422 1162 3468 res
1192 3421 1289 3490 propa

121 3511 219 3572 terea
242 3527 281 3572 eo
312 3504 469 3588 deducta,
499 3512 537 3573 ut
559 3507 588 3574 si
609 3512 646 3574 tu
669 3506 720 3572 rel
747 3527 848 3572 unum
870 3502 1004 3573 verbum
1026 3512 1145 3573 nostrae
1168 3503 1288 3575 actioni

121 3611 211 3696 apud
242 3611 421 3696 principem
452 3612 631 3693 addideris,
654 3633 707 3678 res
730 3611 923 3697 expediatur
944 3611 1089 3694 indubie,
1110 3599 1287 3698 possetque

122 3718 168 3782 sic
196 3715 302 3782 frater
325 3723 399 3784 tuus
423 3719 611 3784 continuare
635 3719 778 3784 studium
801 3739 908 3799 suum,
940 3715 1027 3803 quod
1049 3715 1083 3784 in
1105 3716 1231 3802 legibus
1255 3721 1289 3783 et

123 3823 303 3889 canonibus
325 3824 455 3907 incepit.
503 3824 583 3890 Vale
607 3830 641 3890 et
663 3845 714 3889 me
738 3844 820 3905 arna,
844 3829 943 3909 atque
965 3823 1059 3891 uxori
1081 3829 1146 3890 tuae
1172 3822 1289 3890 dulcis-

688 3947 707 3985 ll

194 4021 207 4072 1
234 4017 276 4072 An
301 4014 352 4071 den
375 4016 491 4072 halteren
517 4017 779 4071 zusammenkdnlten
805 4017 834 4070 in
860 4012 977 4084 vigilius
1004 4012 1087 4068 banse
1114 4016 1194 4069 nabin
1220 4011 1288 4070 auch
1391 4050 1393 4053 .

121 4102 290 4160 Theodorich
310 4109 472 4160 Gresemund
491 4109 568 4171 theil,
596 4111 622 4158 in
643 4109 735 4158 descen
753 4101 830 4158 leben
851 4122 879 4160 es
897 4095 986 4157 beillt:
1017 4104 1042 4156 ln
1062 4104 1162 4156 adibus
1181 4101 1289 4159 Heideb

121 4193 209 4263 bergas
230 4192 385 4262 vigiliariis,
404 4212 468 4262 quas
487 4197 659 4259 inhabitaret,
678 4193 838 4247 doctissimis
857 4208 972 4261 persaepe
994 4194 1058 4242 viris
1077 4193 1191 4256 (Josnne
1211 4197 1290 4246 etiam

122 4285 271 4352 Capnione)
285 4301 301 4335 a
313 4281 414 4348 Vigilic
427 4284 459 4334 ad
473 4298 571 4334 coenam
585 4285 694 4346 vocatis,
713 4285 871 4333 tersissimos
884 4280 1027 4332 versiculos
1045 4281 1134 4332 edidit.
1164 4284 1290 4348 (Riegger
1386 4340 1392 4349 ,

121 4373 244 4424 Amoenit.
276 4370 398 4436 Friburg.
425 4373 448 4421 ll
473 4388 494 4422 s.
516 4375 586 4440 349.)
661 4356 768 4424 lllber
791 4367 987 4434 Dionysiuslt.
1010 4370 1036 4419 in
1056 4368 1216 4437 Heidelberg
1234 4369 1289 4440 νεὶ,

109 4459 227 4529 .Lamey‚
248 4477 270 4511 a.
291 4476 315 4508 a.
335 4475 359 4508 o.
379 4474 400 4508 s.
420 4461 451 4507 32
472 4459 513 4508 bis
534 4461 576 4511 34.
