2798 4980
663 291 726 360 118

119 486 256 554 Sletstat
277 489 431 568 corrupta
446 480 690 550 nomenclatura
711 484 829 547 vocant
850 477 977 544 decima
990 476 1064 544 luce
1079 474 1255 544 Novembris.

117 592 211 659 Anno
234 612 254 655 a
277 589 405 656 Christo
428 593 506 653 nato
531 587 676 653 DDDIX.

208 698 369 759 Gedruckt:
389 702 404 756 1
421 696 506 755 =C.
519 715 546 756 v.
564 713 588 755 c.
605 713 624 770 g
641 700 677 755 4⁸
691 697 735 755 bis
750 712 770 769 g
786 696 835 767 5·;
854 692 1012 753 2=J:v.
1029 709 1055 753 e.
1072 694 1083 752 i
1100 695 1185 766 2sq.;
1201 695 1256 752 3:

118 803 151 865 G.
167 820 194 864 v.
211 820 237 864 e.
252 803 281 864 II
295 802 345 863 fol
364 804 423 862 52⁸
438 802 483 861 bis
499 796 569 861 53¹³.

656 954 751 1020 CXII.

189 1046 327 1112 stuttgart.
1030 1042 1063 1092 29
1084 1039 1148 1091 Deo.
1169 1040 1233 1089 leot.

118 1131 283 1226 ‚roenna
309 1146 492 1224 secema
518 1147 594 1222 nn.
624 1147 753 1221 soson
779 1145 884 1220 fraer
909 1145 1069 1220 unone
1097 1141 1260 1235 nnenng

612 1269 778 1344 salutem.

207 1394 387 1478 Impetrare
425 1391 584 1459 debueras
619 1394 761 1458 omnium
792 1390 931 1456 maxime
964 1389 1005 1456 de
1033 1388 1164 1474 Cratylo
1197 1391 1263 1474 quae

118 1520 139 1565 a
166 1519 218 1565 me
246 1497 419 1583 postulasti
448 1496 582 1562 Nicolae
616 1495 851 1575 amantissime,
889 1496 918 1562 si
946 1515 1011 1560 non
1044 1515 1096 1560 me
1127 1493 1264 1560 hactenus

116 1603 291 1670 trimestris
326 1602 511 1687 aegrotatio
539 1603 587 1666 ita
617 1601 848 1685 oppressisset,
875 1605 913 1666 ut
940 1600 992 1665 vel
1023 1599 1156 1666 consilio
1184 1595 1265 1665 medi·

118 1729 229 1775 corum
262 1680 422 1773 editoris
462 1705 688 1772 abstinendum
724 1705 831 1770 fuerit.
890 1704 996 1769 Taceo
1034 1703 1151 1770 virium
1184 1704 1267 1770 imbe-

116 1813 283 1879 cillitatem
307 1832 372 1898 qua
394 1831 434 1877 ne
457 1811 635 1894 potuissem
659 1810 788 1895 quidem
812 1808 943 1875 lectioni
966 1828 1093 1890 vacare,
1117 1809 1146 1874 si
1168 1809 1268 1875 voluis·

83 1915 86 1920 ’
117 1939 194 1984 sem.
239 1915 420 2001 Sperabam
452 1915 612 1999 quotidie,
644 1920 682 1981 ut
712 1921 788 1980 sunt
817 1935 870 1981 res
899 1913 1072 1993 humanae,
1102 1913 1136 1978 in
1167 1915 1269 1981 bonam

121 2043 173 2087 me
201 2021 419 2086 valetudinem
442 2025 716 2098 resurrecturum;
748 2017 805 2084 sed
837 2019 893 2103 qui
923 2039 995 2084 sum
1022 2019 1131 2085 tenaci
1166 2020 1272 2105 pituita

121 2123 270 2191 conditus
299 2124 387 2190 diem
416 2124 455 2189 de
491 2124 543 2189 die
573 2123 729 2208 protraho
760 2123 962 2211 salutemque
995 2124 1073 2191 deos
1103 2144 1170 2191 oro.
1217 2127 1274 2191 Hoc

120 2228 237 2295 iccirco
265 2227 307 2292 ad
335 2233 368 2293 te
396 2227 610 2294 trementibus
640 2227 783 2312 digitulis
806 2227 927 2309 scribo,
950 2233 989 2294 ut
1010 2249 1208 2313 pernoscas,
1230 2250 1276 2294 na·

122 2338 230 2399 turam
260 2332 490 2416 impedimento
520 2331 631 2413 fuisse,
658 2354 699 2398 ne
723 2331 785 2399 tibi
805 2352 930 2399 morem
952 2354 1071 2418 geram.
1119 2334 1226 2413 Quare
1246 2340 1278 2400 ul

122 2435 244 2502 diutius
276 2435 386 2502 libello
416 2441 473 2502 tuo
504 2457 569 2502 non
600 2457 734 2517 careas,
766 2438 860 2504 mitto
892 2423 965 2505 eum
988 2437 1050 2503 tibi
1072 2437 1191 2505 eadem
1213 2439 1280 2504 sub

75 2531 81 2540 ’
124 2540 245 2606 stantia
272 2562 337 2625 qua
363 2541 482 2607 adme
511 2541 657 2606 accessit.
702 2542 746 2608 Et
773 2543 919 2626 quamvis
951 2543 1178 2626 gravissimum
1208 2545 1281 2609 mihi

122 2645 182 2724 sit,
208 2665 260 2710 me
290 2645 350 2710 tibi
373 2666 436 2711 non
459 2645 604 2729 potuisse
627 2645 769 2730 placere,
793 2647 958 2712 tamenin
982 2648 1100 2714 damno
1131 2649 1195 2715 tibi
1223 2671 1283 2716 non

117 2748 202 2815 tanti
224 2748 330 2815 fuerit.
376 2750 501 2815 Poteris
525 2751 609 2815 enim
632 2750 672 2816 de
688 2750 882 2818 dictionario
898 2773 1013 2836 graeco
1029 2754 1057 2819 si
1078 2754 1169 2839 quod
1185 2754 1284 2821 habes

117 2875 228 2920 omnes
256 2859 293 2919 tu
319 2854 389 2938 ipse
420 2853 565 2920 defectus
597 2855 758 2939 supplere.
803 2858 867 2923 Res
897 2857 1002 2924 facilis
1026 2855 1090 2925 erit
1112 2878 1179 2924 non
1209 2861 1285 2925 diffi-

117 2959 195 3025 cilis.
241 2958 334 3037 Quod
364 2959 392 3024 si
421 2958 497 3026 boni
528 2959 726 3026 consulueris
758 2966 792 3027 et
820 2962 916 3029 deum
945 2984 1004 3046 pro
1036 2985 1111 3030 mea
1143 2967 1286 3032 sanitato

119 3063 301 3147 rogaveris,
329 3063 363 3128 in
392 3063 457 3128 olio
487 3063 547 3128 tibi
578 3065 750 3131 restitutus
780 3068 912 3133 sanitati
945 3088 1040 3152 spero
1071 3069 1286 3154 complacere.

118 3166 286 3232 Foeliciter
310 3167 390 3232 vale.
436 3168 486 3232 Ex
508 3167 704 3252 Studgardia
727 3176 747 3235 4
770 3171 821 3236 Kl.
845 3171 1016 3238 Ianuarias
1042 3178 1137 3240 1509.

203 3276 276 3334 Msc.
292 3275 444 3349 Ellenbog.
460 3276 511 3336 lib.
527 3277 542 3336 I
557 3278 640 3351 epist.
659 3281 710 3338 74.
726 3279 775 3340 fol.
796 3283 862 3342 65³.

640 3435 756 3506 CXIII.

187 3522 375 3576 Ottenbeuren.
1032 3533 1064 3579 21
1085 3529 1149 3582 dan.
1172 3535 1251 3586 1510.

182 3621 224 3695 F.
253 3621 433 3698 Nicolaus
460 3623 650 3724 Ellenbog
679 3624 822 3699 doctori
849 3622 1037 3726 Oapnioni
1064 3625 1102 3701 S.
1133 3628 1169 3702 d.
1196 3633 1220 3704 ¹.

205 3753 326 3839 Accepi
341 3753 455 3822 literas
471 3761 554 3836 tuas,
580 3757 628 3822 vir
643 3757 872 3837 literatissime,
895 3778 967 3822 oum
985 3757 1119 3844 Oratylo
1135 3760 1149 3800 ⁹
1165 3763 1287 3846 quibus

114 3856 256 3924 adversa
280 3865 313 3925 te
336 3859 521 3927 valetudine
544 3860 694 3927 tentari³
717 3860 865 3928 dolenter
887 3864 1007 3947 accepi.
1052 3863 1204 3962 Labores
1220 3870 1287 3935 ιιι4

691 4014 710 4054 *

188 4102 199 4147 1
220 4099 251 4150 N.
275 4100 305 4149 Ε.
328 4101 399 4166 prior
423 4102 575 4152 monasterii
600 4101 804 4154 ottenburensis
828 4104 927 4154 Joanni
951 4103 1078 4156 Reucblin
1103 4107 1157 4158 LL.
1180 4107 1287 4160 doctori

114 4181 141 4232 S.
162 4183 186 4234 d.
206 4201 230 4250 p.
252 4189 292 4236 2..
311 4191 336 4238 4.
411 4193 425 4238 2
446 4189 500 4239 Der
518 4190 615 4256 anfang
634 4190 716 4242 lautel
735 4193 761 4241 in
782 4196 823 4242 2..
843 4196 871 4241 4:
896 4191 1024 4244 Redditus
1042 4200 1083 4246 est
1104 4194 1170 4244 mibi
1192 4196 1287 4265 Craty-

113 4267 155 4320 lus
178 4286 230 4321 una
254 4287 313 4324 cnm
337 4272 422 4325 litoris
445 4277 497 4327 tuis
521 4278 562 4328 vir
584 4278 632 4342 lit,
656 4279 711 4346 vgl.
730 4279 797 4330 oben
817 4296 871 4331 nro.
892 4280 973 4332 CXII.
1047 4284 1190 4352 arentem]
1211 4286 1286 4340 labo·

112 4373 170 4412 tore
191 4361 234 4410 2..
253 4363 277 4409 l.
351 4363 367 4410 4
387 4360 512 4433 Labores]
532 4367 651 4432 gravaris
671 4371 713 4418 2..
732 4373 757 4418 4.
