2798 4980
668 362 735 428 303

116 552 316 635 brevissimo,
348 573 390 618 ne
418 552 541 637 optima
561 552 745 619 conditione
773 553 901 620 itineris
924 553 1080 639 principis
1110 554 1288 623 frustreris.

115 660 183 743 Ego
204 658 253 725 illi
276 659 407 725 omnino
427 659 581 742 rescripsi
603 665 636 724 te
659 666 839 725 venturum.
863 652 970 745 Atque
993 668 1032 726 nt
1054 661 1164 728 rideas
1188 682 1290 748 quan·

114 771 182 831 tum
212 772 247 831 te
270 766 368 831 aulici
398 772 432 830 et
451 765 654 830 'cubicularii
683 765 771 831 illius
799 766 925 833 nobiles
953 767 1013 832 riri
1037 766 1169 847 faciant,
1192 768 1287 834 mitto

114 870 214 937 ctiam
244 871 357 937 literas
391 872 428 937 D.
456 869 631 954 Spoletini,
663 872 718 956 qui
748 893 822 937 cum
852 872 997 958 principe
1027 872 1060 936 in
1092 871 1194 938 rheda
1217 874 1284 938 sire

114 975 232 1043 lectica
263 976 379 1043 solitus
416 982 467 1042 est
495 975 582 1043 ferri.
629 978 736 1043 Haec¹
770 998 896 1045 summa
924 998 1031 1043 rerum
1059 984 1118 1046 est.
1171 979 1287 1044 Omnia

114 1081 216 1166 prius,
239 1102 310 1167 quse
334 1082 469 1147 adrem
492 1082 642 1163 attinent,
660 1083 782 1167 collige,
810 1082 861 1148 vel
883 1082 917 1147 in
941 1103 1082 1167 capsam,
1106 1082 1157 1149 vel
1172 1084 1207 1148 in
1231 1102 1287 1149 ras

115 1186 250 1273 aliquod
271 1172 465 1254 conueniens
487 1188 630 1268 include,
654 1195 688 1254 et
710 1187 822 1254 currui
845 1208 918 1253 cum
941 1208 1005 1253 uno
1033 1206 1117 1274 equo
1134 1186 1289 1274 Studgar·

116 1292 204 1357 diam
228 1293 374 1359 vehenda
396 1294 572 1373 committe,
594 1293 693 1379 idque
716 1293 911 1378 quantocius
928 1293 950 1358 ².
990 1294 1114 1360 Deinde
1137 1286 1287 1361 omnibus

116 1398 230 1465 amicis
255 1398 408 1483 Tubiogae
432 1396 603 1479 valedicto,
626 1399 786 1484 corripias
809 1405 841 1464 te
865 1398 900 1463 in
923 1399 1064 1483 patriam
1088 1401 1131 1466 ad
1146 1406 1284 1468 matrem

116 1509 150 1568 et
169 1505 204 1569 in
227 1505 344 1570 itinere
366 1505 469 1571 transi
493 1526 553 1588 per
576 1505 722 1571 Phorcen
746 1511 780 1571 et
805 1506 983 1589 Augustino
1015 1511 1117 1592 atque
1138 1522 1251 1574 sorore
1274 1506 1288 1549 ⁸

117 1630 190 1675 mea
211 1610 364 1676 salutatis
384 1631 405 1677 a
426 1614 532 1675 matre
561 1610 730 1676 confestim
759 1611 801 1677 ad
823 1632 875 1676 me
897 1622 962 1676 uon
986 1611 1193 1696 tardigradus
1216 1613 1288 1678 reni

117 1715 173 1781 aad
203 1714 330 1781 advola.
386 1716 571 1799 Principum
601 1737 655 1781 res
683 1722 761 1781 suut
789 1716 935 1796 mobiles,
966 1736 1007 1782 ue
1040 1716 1125 1784 forte
1155 1717 1289 1784 recedat

116 1821 270 1907 princeps
291 1820 335 1887 ab
356 1820 504 1905 Augusta
526 1821 598 1886 sine
618 1827 651 1886 te
669 1821 690 1887 ⁴.
715 1823 792 1889 Haec
816 1822 946 1888 consulo
971 1829 1004 1888 et
1019 1828 1057 1889 ut
1079 1823 1123 1888 sis
1147 1823 1286 1889 infracto

117 1926 241 2006 auimo,
276 1944 340 1992 non
369 1914 486 1993 mulier
515 1925 574 1992 sed
605 1928 664 1992 vir.
710 1927 782 1994 Nou
809 1934 862 1995 est
890 1935 1045 2013 acceptus
1068 1928 1230 2012 propheta
1251 1928 1284 1992 io

119 2031 228 2116 petria
251 2053 321 2098 sna.
366 2032 448 2099 Vale
470 2032 631 2113 foeliciter,
649 2032 852 2125 Studgardiae
876 2033 916 2097 in.
937 2033 1046 2118 vigilia
1069 2032 1184 2099 Jacobi
1199 2033 1285 2119 Apo·

117 2137 202 2205 stoli.
251 2140 343 2203 Anno
369 2143 463 2205 1518.

343 2228 348 2242 ’
749 2244 799 2309 Jo.
823 2243 1019 2311 Rcuchlinus
1042 2244 1104 2309 LL.
1130 2242 1198 2310 12⁶

206 2367 369 2429 Gedrnclrt:
391 2369 577 2447 l=[10ach.
595 2370 766 2447 camerarii]
783 2370 952 2430 TERTIVS
969 2370 1160 2431 LIBELLVS
1180 2367 1186 2449 Ι
1205 2370 1285 2429 EPI-

118 2473 333 2536 sronauvnr
361 2477 398 2536 n.
434 2479 439 2556 ι
475 2476 624 2535 noetus
648 2478 769 2536 unsar.
798 2473 1101 2550 t....n1rsnn
1136 2470 1141 2556 Ι
1176 2475 1285 2535 anno

116 2579 258 2640 unm
273 2580 314 2641 M.
332 2580 358 2640 D
372 2583 401 2641 8.
428 2582 657 2642 2=Camenarii
673 2582 982 2655 uitaMelauchthonis‚
999 2581 1044 2641 cd.
1061 2578 1184 2642 Strcb'el.
1201 2583 1286 2642 IIolae

115 2682 373 2763 MDOOLXXVH,
389 2706 413 2747 s.
432 2691 497 2747 400
512 2706 554 2762 sq.
582 2692 654 2748 3:
666 2688 777 2763 Corpus
792 2687 1023 2760 reformatorum,
1041 2687 1086 2747 ed.
1103 2687 1284 2747 Bretschuei·

114 2790 177 2865 dur,
193 2792 251 2852 rol.
267 2792 290 2867 1,
306 2793 360 2852 ool.
379 2796 420 2855 32
437 2810 479 2867 sq.
496 2812 524 2853 n.
558 2797 629 2852 4:
640 2795 787 2868 Tubinger
801 2776 934 2853 zeitschr.
951 2789 997 2850 fur
1012 2791 1167 2866 theologie.
1189 2794 1287 2867 1839,-

116 2914 139 2958 s.
156 2898 211 2957 91.

629 3124 780 3195 cclxv.

187 3212 327 3280 stuttgart.
348 3252 352 3263 .
1040 3214 1073 3266 25
1091 3213 1149 3267 Joli
1172 3213 1248 3265 1518.

166 3301 205 3377 J.
235 3302 460 3378 Rcuchlinus
503 3303 706 3400 FridericO,
744 3304 828 3379 duci
856 3301 1041 3400 Saxoniae,
1070 3302 1231 3405 principi

617 3427 788 3503 Electori.
860 3475 863 3481 -

204 3572 537 3659 Durchlauchtigster,
555 3576 798 3660 hochgeborner
814 3576 908 3656 furat,
924 3574 1282 3660 goddigsterherrl'eu.

113 3682 174 3767 fg.
188 3680 352 3765 begehrcn
368 3681 428 3747 soll
443 3681 636 3764 gewillfahrt
651 3682 787 3761 werden,
797 3681 862 3747 und
875 3703 953 3746 cuer
963 3681 1133 3747 schreiben
1143 3680 1212 3747 will
1231 3680 1284 3745 ich

112 3789 247 3855 meister
257 3786 442 3873 Philippsen
452 3786 725 3872 Schwarzerdgeu
736 3786 901 3870 Tiibingeu
911 3785 1111 3865 zuschicken,
1125 3783 1244 3851 deref.
1252 3778 1299 3868 ΒΣ

112 3916 151 3961 zu
185 3894 398 3978 gehersamcn
423 3894 569 3959 dieosten
606 3894 746 3983 geneigt‚
767 3893 834 3958 nod
850 3892 928 3958 wind
947 3913 1009 3977 gen
1032 3890 1203 3974 Augsburg
1224 3890 1284 3954 mit

111 4000 219 4067 scinci·
242 4000 357 4066 liberet
380 4000 538 4077 kommen,
562 3999 661 4063 aufe.
674 3999 732 4082 fg.
747 4005 876 4079 warteu,
901 3998 968 4064 und
992 3996 1070 4062 uird
1094 3995 1153 4062 der
1175 3994 1283 4061 hohen

690 4128 708 4166 ἢ(

186 4226 198 4273 1
221 4222 286 4273 Haec
304 4219 472 4287 tardigredus
496 4234 570 4285 anag.
590 4224 615 4270 4.
688 4217 890 4283 2Quuutocyus
911 4222 934 4266 2.
1007 4217 1022 4264 3
1044 4215 1106 4265 Wcr
1128 4213 1174 4265 der
1194 4213 1283 4281 Augu·

112 4311 200 4362 sunus
218 4326 352 4378 genesen,
380 4310 451 4359 laun
478 4306 520 4359 ich
547 4323 575 4356 so
596 4307 680 4371 werrig
704 4306 836 4371 cugebcn,
864 4304 913 4354 wie
930 4302 1138 4365 urenelneidm
1158 4302 1223 4353 liber
1242 4301 1285 4354 die

111 4398 263 4462 schucster,
277 4397 332 4465 vgl.
345 4398 413 4449 obcu
427 4412 482 4449 nro.
496 4395 637 4446 CCXXVH
653 4394 698 4458 (20
712 4395 774 4445 Okt.
792 4395 878 4459 1516).
928 4398 942 4442 4
957 4392 1092 4443 Friedrich
1107 4392 1173 4443 hiclt
1186 4390 1242 4442 sich
1255 4392 1283 4441 iu

113 4489 256 4556 Augsburg
282 4488 333 4538 auf
351 4486 409 4539 dem
435 4485 583 4551 reichstegc
603 4484 655 4535 auf.
729 4481 941 4534 tUnterechrift
961 4479 1061 4549 ausgel.
1083 4480 1107 4532 3.
1126 4486 1152 4533 4.
