2798 4980
716 281 759 344 lo

151 490 267 549 sermo,
285 473 352 534 tum
370 467 410 533 de
426 467 583 533 bonarum
600 469 769 535 literarum
785 471 1061 554 ingenuarumque
1079 467 1321 552 disciplinarum

153 574 283 653 studiis,
308 581 376 638 tum
402 573 500 637 etiarn
524 573 564 638 de
588 576 761 658 gymnasiis
791 576 910 640 nostris
933 575 1186 658 praestantiaque
1212 595 1323 639 eorum

152 685 233 743 erat.
280 679 416 762 Nauque
440 700 513 743 oum
537 701 595 762 ego
619 702 676 744 seu
700 681 808 744 studio
832 687 947 745 contra
971 681 1107 758 dicendi,
1133 701 1189 743 seu
1213 679 1322 762 potius

151 805 262 849 amore
286 785 363 862 veri,
386 783 488 848 Italiae
505 784 675 867 palaestras
692 785 742 866 (ut
762 786 809 849 ita
830 785 981 869 dixerim)
998 791 1153 868 tanquam
1170 783 1322 861 nutrices,

151 895 297 968 autores,
323 887 516 972 opificesqne
541 889 735 972 optimarum
760 892 889 968 artium,
914 912 976 955 nou
1000 890 1095 954 modo
1120 889 1321 953 Germanicis

151 1001 227 1060 ante
252 1015 363 1058 verum
387 996 485 1058 etiam
509 996 609 1059 totius
633 995 721 1058 orbis
745 996 934 1077 posuissem,
959 995 1070 1073 irater,
1095 1001 1131 1059 ut
1155 1000 1205 1059 est
1229 995 1323 1058 homo

153 1099 325 1182 singularis
349 1118 426 1180 erga
442 1099 582 1180 patriam
599 1101 728 1179 amoris,
752 1101 812 1164 hoc
836 1121 919 1183 aegre
944 1100 1026 1178 tulit,
1051 1106 1251 1184 conatusque
1275 1104 1325 1164 est

152 1204 318 1286 Tubingen
342 1209 486 1266 vestrum
512 1205 522 1241 ¹
546 1203 667 1269 Italicis
692 1206 873 1270 Academiis
898 1205 1062 1284 conferre,
1094 1205 1188 1269 modo
1212 1205 1325 1269 huma·

152 1331 268 1374 narum
291 1308 461 1373 literarum
485 1309 593 1374 studia
612 1310 685 1374 istic
705 1333 768 1375 non
791 1312 872 1376 adeo
889 1311 1045 1394 fugerent.
1085 1310 1178 1388 Quod
1194 1310 1324 1394 quidem

152 1436 250 1499 quam
274 1414 415 1498 graviter
436 1413 636 1498 molesteque
660 1417 799 1496 tulerim,
824 1424 1045 1502 quantumque
1069 1416 1109 1480 de
1134 1437 1243 1480 errore
1268 1415 1323 1501 de-

153 1520 371 1602 trimentoque
395 1519 510 1602 patriae
532 1528 652 1586 nostrae
674 1531 869 1606 conquestus
893 1523 1019 1600 fuerim,
1042 1522 1172 1586 minime
1188 1521 1325 1604 perseri-

154 1624 232 1690 bere
256 1646 396 1708 possum.
444 1626 645 1709 Despioimus
670 1629 770 1706 enim,
795 1629 937 1694 Joannes
960 1628 1018 1706 mi,
1048 1628 1145 1691 immo
1169 1632 1324 1709 tanquam

154 1751 276 1794 venena
300 1730 513 1796 abhorremus
537 1753 575 1795 ac
600 1733 775 1815 aliqnando
800 1734 894 1817 (proh
915 1740 1071 1816 quantum
1093 1731 1229 1814 nephas)
1246 1731 1345 1794 iisee.

153 1836 338 1901 incumbere
374 1836 584 1918 prohibemur
619 1858 702 1920 quae
735 1838 844 1903 latinis
879 1838 1025 1922 jucunda
1067 1837 1325 1920 voluptuosaquo

154 1942 246 2006 nobis
269 1964 344 2008 vero
370 1942 411 2006 ob
436 1948 580 2005 nostram
604 1941 788 2006 barbariem
814 1949 971 2026 qnantum
995 1938 1242 2026 pernecessaria
1266 1942 1326 2005 uti·

124 2096 127 2101 .
153 2046 261 2129 liaquo
286 2069 356 2110 esse
381 2046 516 2124 soleant,
540 2053 576 2110 tu
599 2047 641 2110 ab
667 2047 813 2130 exemplo
840 2048 984 2131 epistolae
1009 2048 1165 2131 principis
1188 2047 1200 2084 ²
1223 2047 1324 2111 nostri
1389 2055 1397 2132 J

155 2173 252 2234 quam
277 2173 348 2216 cum
374 2173 486 2216 sumno
510 2151 634 2234 pudore
658 2153 699 2216 ad
723 2160 755 2216 te
779 2154 873 2218 mitto
898 2154 975 2218 mihi
1004 2154 1236 2236 approbatam,
1267 2175 1324 2236 pro

153 2263 212 2320 tua
242 2256 407 2340 precipua
437 2257 584 2320 doctriua
618 2259 738 2341 optime
769 2258 940 2342 intelliges
986 2259 1054 2324 Neo
1086 2258 1164 2321 mihi
1194 2258 1245 2336 hi,
1271 2258 1325 2341 qui

154 2361 237 2425 hanc
269 2362 450 2433 doctrinam
481 2362 742 2428 dealbamentnm
774 2353 935 2447 quoddam
968 2384 1038 2429 esse
1067 2370 1202 2448 putant,
1234 2363 1326 2427 vehe-

156 2473 283 2532 menter
314 2468 469 2531 aberrare
503 2468 662 2532 ridentur.
709 2468 791 2532 Nam
822 2470 910 2533 velut
942 2469 975 2533 hi
1007 2470 1063 2553 qui
1095 2470 1223 2552 tingunt
1255 2491 1326 2533 cum

154 2573 292 2655 primum
311 2572 502 2656 quibusdam
520 2572 554 2637 id
563 2574 650 2658 quod
660 2573 798 2639 colorem
811 2582 1016 2658 receptarum
1033 2576 1077 2640 sit
1091 2580 1327 2658 praepararunt,

737 2731 754 2769 a

157 2818 227 2868 belm
243 2834 293 2867 von
308 2818 466 2880 Reiohcnau,
486 2820 533 2869 mit
546 2819 674 2885 reliquien
689 2835 746 2869 zirm
766 2820 848 2886 kdnig
863 2820 989 2870 Heinrich
1006 2820 1052 2870 Vll
1072 2835 1124 2869 von
1144 2817 1263 2882 England
1284 2836 1327 2884 gc·

155 2906 259 2957 schickt
282 2907 334 2957 und
361 2909 433 2958 starb
460 2911 490 2958 16
517 2909 579 2959 Dec.
604 2910 678 2959 1523.
715 2909 752 2959 Er
779 2910 814 2959 ist
833 2911 874 2959 ein
891 2910 999 2974 eifriger
1023 2908 1157 2971 anh'anger
1176 2907 1327 2968 Itenohhus,

154 2997 196 3045 ein
217 3004 303 3045 treuer
323 2996 414 3045 freund
433 2997 610 3046 Pirkheimers
634 2997 687 3045 und
708 2999 749 3045 oin
777 3014 877 3062 gagnei·
896 3000 942 3048 der
968 2998 1053 3058 alten,
1081 2994 1240 3043 namcntlioh
1265 2996 1327 3042 doh.

154 3083 234 3134 Echo.
274 3086 364 3149 (logon
384 3085 473 3133 diesen
494 3086 567 3149 gicht
587 3101 614 3134 er
634 3086 675 3134 dic
695 3085 787 3134 schrift
810 3073 1006 3149 illrolampads:
1026 3083 1218 3132 Canonioorum
1238 3081 1326 3129 indoc-

155 3178 240 3220 torum
265 3150 400 3234 responsio
421 3171 453 3218 ad
472 3171 535 3221 Joh.
556 3172 612 3220 Ech
634 3173 831 3233 retenemus,
859 3172 923 3221 wird
949 3171 1024 3219 dafiir
1050 3185 1099 3218 von
1120 3169 1216 3216 diesem
1237 3168 1263 3214 in
1284 3168 1325 3214 die
1360 3209 1363 3214 .

156 3258 303 3324 pbpstliche
324 3244 600 3322 verdanimuugsbulle
620 3274 705 3323 gagen
726 3259 824 3308 Luther
842 3260 1044 3323 aufgonommen
1063 3256 1115 3304 und
1135 3265 1187 3304 erst
1207 3257 1254 3303 anf
1271 3258 1326 3304 sein

154 3345 312 3410 dringendes
326 3345 458 3394 ansuobcn
473 3345 568 3394 daraus
589 3346 690 3395 betreit.
725 3345 784 3410 Vgl.
806 3347 837 3394 W
841 3347 976 3395 iedemann
996 3344 1056 3393 ¹loli.
1071 3344 1136 3403 Eclr,
1154 3344 1326 3408 Regerisbnrg

158 3435 225 3483 1865
252 3435 358 3499 passim.
396 3433 472 3482 Scine
502 3433 663 3499 grabsehrist
688 3449 738 3482 von
766 3435 880 3484 Michael
906 3433 1098 3496 Hummelburg
1125 3447 1144 3480 s.
1174 3432 1216 3480 bei
1242 3432 1327 3492 Veith,

156 3521 299 3586 Peutinger
318 3537 340 3572 s.
361 3525 410 3571 202
431 3523 467 3588 fg.

230 3616 239 3659 1
263 3609 379 3660 Vestrum
394 3610 468 3660 nieht
481 3611 507 3658 in
521 3609 580 3659 dem
594 3612 670 3660 sione
683 3615 793 3675 gosagt,
814 3610 875 3658 dass
889 3609 1017 3658 Reuchlin
1033 3609 1100 3659 noch
1115 3625 1145 3657 zu
1167 3609 1251 3658 dieser
1271 3611 1327 3658 uui·

155 3699 264 3750 versititt
283 3699 399 3764 galiorte,
420 3698 489 3747 dena
512 3699 558 3748 das
579 3715 632 3747 war
651 3700 675 3746 in
699 3698 877 3748 wirhlieblreit
896 3696 968 3746 nicht
989 3698 1034 3746 dor
1053 3698 1111 3758 fall,
1133 3696 1185 3761 vgl.
1200 3697 1327 3746 Reuchlin

157 3805 177 3839 s.
198 3791 230 3838 23
252 3790 289 3848 ff.;
314 3788 380 3837 iiber
402 3787 448 3837 das
477 3787 608 3852 damalige
628 3787 767 3850 Titbingen
795 3785 850 3834 dae.
870 3801 891 3835 s.
912 3789 943 3834 m
965 3786 981 3834 f.
1056 3790 1069 3834 2
1091 3786 1216 3850 principis
1236 3785 1327 3850 uestri]

156 3865 299 3943 cigentlioh
319 3884 423 3939 nestun,
444 3893 471 3926 es
493 3878 527 3926 ist
547 3878 588 3926 ein
610 3876 680 3926 brios
696 3876 785 3924 uxoris
805 3875 908 3923 comitis
922 3874 1066 3924 Eberhardi
1086 3876 1198 3922 senioris
1218 3874 1250 3922 ad
1267 3874 1327 3923 Car-

156 3967 270 4016 dinalem
286 3968 455 4016 Mantnmrum
470 3966 509 4027 (er
528 3964 596 4030 folgt
613 3966 639 4013 iu
659 3965 707 4012 (len
726 3963 827 4012 iiltcrcn
849 3963 1063 4014 reuchlinischeu
1078 3963 1327 4028 hriofsammlungcn

155 4054 242 4103 hinter
253 4054 309 4104 dem
320 4055 376 4105 hier
387 4053 597 4119 mitgetheiltcu).
621 4054 669 4102 Eiu
683 4053 767 4112 stiick,
780 4052 826 4102 das
838 4052 886 4101 deu
898 4054 1044 4102 verdensem
1055 4054 1100 4102 dor
1109 4051 1327 4100 dunhelmitnucr

155 4142 238 4191 bricio
258 4143 335 4190 hcine
355 4143 473 4192 aeliando
493 4143 603 4192 arachen
625 4141 722 4201 wiirde,
742 4141 839 4190 lautet:
860 4143 891 4189 Λ.
914 4142 943 4192 Ν.
969 4141 1068 4190 famulo
1095 4155 1152 4188 meo
1173 4140 1326 4188 fidelissimo

154 4231 260 4297 percepi
280 4231 409 4294 quoirmdo
430 4233 509 4281 frater
529 4232 611 4297 ipsius
631 4233 737 4280 nomine
757 4233 788 4281 N.
807 4231 914 4294 negotia
933 4231 1023 4294 aliqua
1041 4244 1104 4293 erga
1127 4228 1326 4277 Sanmissimum

157 4318 281 4383 expedire
306 4317 414 4377 habeat,
442 4329 471 4368 ut
492 4321 642 4369 Dominatio
663 4326 750 4369 vestra
770 4319 877 4383 abipso
903 4318 982 4367 latius
1008 4317 1156 4379 intelligere
1181 4316 1273 4377 habet,
1302 4325 1328 4363 et

156 4414 292 4473 propterea
311 4423 351 4456 mo
371 4406 539 4473 supplicavit,
561 4423 619 4456 eum
640 4424 703 4476 erga
724 4410 754 4457 1).
775 4407 805 4456 V.
824 4412 970 4478 promotum
990 4405 1111 4455 habendo
1132 4418 1157 4452 u.
1178 4418 1197 4452 a.
1218 4419 1249 4452 iv.
