2798 4980
666 306 733 375 240

114 494 341 581 quadrigarius
363 494 418 562 ille
432 502 507 562 tuas
530 494 653 575 literas,
677 494 837 576 celeriter,
861 503 899 564 ut
914 495 1039 582 ajebat,
1054 496 1260 580 abituram

116 602 201 667 enim
224 600 322 667 ullam
348 601 417 685 pati
441 621 566 668 moram
589 623 624 667 se
647 623 744 684 posse
767 599 996 686 profitebatur.
1032 604 1140 683 Quare
1161 626 1260 671 omnen

116 727 221 774 causer
234 727 313 771 mera
329 712 451 772 statum
468 706 510 771 ad
526 713 559 771 te
572 706 775 790 perscribere
788 706 927 792 nequivi,
944 714 1020 793 eget
1034 710 1119 775 enim
1134 715 1261 795 tempore,

116 811 159 878 ad
183 833 341 879 summum
366 818 475 877 autem
499 813 545 877 sic
568 810 697 877 babeto.
1143 796 1146 802 Α

204 916 434 983 adversarium
457 938 564 982 meum
580 918 715 982 Romam
736 918 831 984 citari
854 918 926 998 feci,
950 925 988 985 ιιι
1008 926 1191 1003 compareat
1208 941 1260 1004 per·

116 1022 284 1102 sonaliter,
317 1021 375 1088 sed
403 1043 462 1106 ego
494 1021 710 1088 benivolentia
734 1025 832 1089 curiae
855 1022 1018 1090 admissus
1051 1047 1139 1105 snm,
1168 1032 1202 1091 ut
1218 1046 1261 1108 per

114 1135 343 1213 procuratores
366 1149 455 1193 meos
478 1134 511 1193 et
533 1148 663 1212 agerem
687 1135 721 1194 et
737 1128 996 1212 responderem,
1017 1150 1076 1214 ego
1099 1152 1172 1197 vero
1192 1129 1259 1195 domi

115 1255 195 1300 mea
226 1255 398 1299 manerem.
449 1233 541 1311 Quod
572 1233 648 1298 milui
686 1233 718 1298 in
750 1235 923 1299 maximam
951 1241 1081 1319 partem
1109 1235 1260 1319 gratiarnm

114 1347 240 1424 reputo.
271 1341 385 1424 ltaque
403 1340 536 1404 Romam
560 1360 623 1403 non
646 1339 697 1416 ivi,
722 1338 779 1404 sed
803 1346 917 1405 eontra
939 1339 1162 1407 adversarium
1176 1341 1255 1426 quius

115 1444 270 1511 milliares
302 1447 436 1511 omnes¹
467 1465 519 1510 me
554 1443 689 1510 absente
720 1441 949 1529 procuratores
979 1445 1045 1511 mei
1076 1452 1111 1512 et
1137 1445 1260 1512 advocati

115 1550 290 1617 secuudum
313 1551 450 1616 formam
469 1550 553 1635 juris
576 1556 689 1634 agunt3
716 1536 907 1634 inquisitore
933 1552 1152 1634 personaliter
1173 1553 1260 1618 Roma

115 1657 291 1723 constituto
314 1657 479 1722 citationis
494 1655 699 1722 necessitate.
736 1655 913 1741 Coeperunt
928 1658 1039 1723 Roma
1054 1657 1260 1724 continentiam

116 1783 222 1830 causae
237 1762 389 1842 dividere,
413 1769 448 1828 ιιι
475 1762 559 1828 alius
575 1768 662 1829 esset
677 1759 756 1826 mihi
777 1760 874 1828 datus
884 1762 986 1847 judex
1001 1763 1262 1830 reverendissimis

115 1868 304 1949 Grimauus,
333 1869 417 1935 alius
439 1867 557 1934 Iacobo
581 1867 773 1947 Hochstrat,
804 1867 888 1934 alius
911 1867 1048 1935 arnoldi
1070 1868 1112 1935 de
1128 1867 1262 1953 -Tuu'gau',

115 1974 198 2041 alius
221 1974 422 2059 theologistis
445 1974 587 2060 reliquis.
634 1973 698 2039 Sed
721 1974 811 2056 Papa
834 1972 955 2040 certior
977 1973 1086 2041 factus
1109 1975 1150 2040 de
1170 1976 1275 2041 adver¹¹

114 2081 274 2147 sariorum
298 2080 372 2147 dolo
396 2081 527 2159 astutia,
550 2079 694 2144 versutia
714 2084 748 2144 et
763 2078 953 2162 deceptione
969 2082 1136 2148 revocavit
1156 2100 1263 2148 omnen

110 2184 370 2269 jurisdictionem
384 2185 425 2251 ab
442 2185 589 2251 omnibus
605 2184 733 2250 illorum
744 2184 908 2269 judicibus
932 2185 979 2250 eis
1003 2185 1092 2252 datis
1107 2193 1141 2254 et
1155 2207 1265 2270 surrep-

114 2283 196 2354 titie¹
211 2291 413 2373 impetratis,
438 2298 606 2375 totamque
639 2310 771 2355 causam
795 2287 867 2355 eam
891 2292 1131 2374 emergentibus
1154 2287 1264 2360 adnexis

116 2400 150 2460 et
180 2396 331 2461 connexis
364 2402 430 2460 tam
460 2418 565 2462 meam
599 2401 713 2462 contra
752 2396 983 2478 adversarios,¹
1016 2391 1117 2484 quam
1155 2398 1264 2475 illorum

116 2506 234 2566 contra.
260 2523 310 2566 me
339 2500 426 2567 ultro
457 2503 605 2586 citroque
630 2502 790 2588 commisit
813 2501 976 2581 Sanctitas
1000 2489 1070 2569 sua
1093 2526 1165 2576 meo
1183 2499 1265 2590 judici
1297 2512 1300 2516 '

114 2606 276 2686 Griman0,
299 2607 452 2692 adjuncto
475 2607 742 2674 reverendissimo
766 2607 932 2673 Cardinali
955 2631 980 2674 s.
1005 2610 1175 2692 Eusebia-²
1211 2608 1264 2674 rire

110 2712 194 2797 juris
229 2713 440 2798 peritissimo,
476 2721 509 2780 et
540 2720 653 2796 erepta
687 2719 738 2778 est
764 2712 990 2798 jurisdictioe
1028 2713 1178 2781 faucibus
1204 2713 1264 2779 Gar·

115 2817 232 2885 dinalis
267 2819 459 2884 Bernardini
494 2841 518 2884 s.
563 2819 669 2884 crucis
706 2817 761 2902 qui
797 2818 942 2903 proxime
978 2818 1042 2885 fuit
1083 2819 1206 2904 legatus
1239 2817 1263 2881 in

115 2924 307 2990 Alemannis
323 2931 355 2990 et
370 2925 555 3008 hospitatus
568 2930 619 2989 est
634 2922 722 3007 apud
737 2923 975 3007 praedicatores·
985 2923 1128 2991 Coloniae
1143 2927 1173 2991 in
1187 2942 1263 3010 quen

115 3048 241 3096 omnem
272 3029 424 3096 fiduciam
447 3051 538 3096 suam
562 3029 777 3107 collocarunt,
820 3029 897 3113 quia
921 3029 1022 3095 etiam
1052 3029 1205 3098 themista
1224 3017 1261 3095 est

115 3141 149 3201 et
180 3135 259 3200 nibil
289 3137 351 3203 scit
383 3124 418 3200 in
446 3135 528 3220 jure.
584 3135 727 3220 Ideoque
762 3133 881 3200 dicitur
909 3156 981 3202 esse
1008 3134 1115 3204 bostis
1143 3136 1263 3203 omniun

109 3240 312 3324 juristarum.
366 3240 462 3306 Eruit
489 3240 587 3324 igitur
618 3261 669 3305 me
699 3239 901 3325 omnipotens
931 3241 1019 3307 Deus
1053 3263 1095 3308 ex
1131 3239 1263 3309 dentibus

113 3344 200 3411 illius
224 3345 280 3430 qui
302 3367 353 3412 me
375 3343 513 3424 fidelem,
538 3352 576 3411 ut
598 3366 703 3430 spero,
727 3366 856 3411 servum
871 3367 964 3412 suum
988 3368 1052 3412 non
1068 3347 1262 3432 derelinquet

203 3449 376 3535 Superiora
394 3450 446 3517 die
469 3451 569 3516 missa
589 3456 640 3517 est
655 3450 731 3516 mibi
750 3452 849 3517 [loma
868 3451 1018 3518 inhibitio
1033 3459 1150 3519 contra
1170 3468 1262 3519 omnes

113 3552 340 3622 molestatores
363 3578 462 3634 mene,
484 3577 524 3622 ue
547 3555 620 3641 quis
643 3555 766 3641 aliquid
789 3554 887 3622 verbo
911 3557 961 3622 vel
984 3577 1083 3642 opere
1107 3558 1262 3641 attemptet

113 3667 226 3727 contra
249 3681 300 3726 me
324 3668 357 3727 et
372 3661 499 3727 libellos
514 3682 612 3742 meos,
635 3667 704 3727 tam
721 3660 850 3727 oculare
866 3661 1033 3744 speculum
1050 3684 1148 3748 quam
1170 3661 1261 3729 defen·

115 3767 236 3834 sionem
270 3787 375 3832 meam
405 3766 465 3831 sub
489 3767 593 3851 poeuis
617 3769 759 3832 omnium
782 3787 991 3832 censurarum
1014 3769 1217 3846 nominatim,
1236 3769 1261 3829 et

114 3872 219 3941 adbuc
249 3872 310 3939 sub
338 3893 435 3955 poena
463 3873 561 3962 trium
591 3873 726 3938 millium
755 3871 947 3937 ducatorum
970 3874 1042 3938 auri
1064 3895 1125 3956 pro
1148 3869 1261 3939 dimidia

113 3983 207 4062 parte
232 3998 369 4043 eamerae
392 3976 579 4062 apostolicae
613 3977 795 4061 etreliqua
818 3974 950 4042 dimidia
972 3976 1052 4043 mihi
1073 3979 1137 4064 ipsi
1158 3971 1261 4063 persol

112 4082 299 4150 vendorum.
345 4082 425 4148 Eam
465 4081 690 4150 inhibitionem
725 4081 911 4166 imprimere
950 4080 1034 4176 facio
1067 4086 1101 4148 et
1138 4077 1259 4151 Colonia

683 4214 701 4266 a

187 4336 197 4380 1
219 4332 296 4383 Dices
325 4331 572 4387 araveratltndlichen
605 4339 693 4398 worte,
724 4345 799 4385 mser.
886 4333 995 4389 lPeter
1024 4333 1179 4388 Ankonitan
1205 4328 1258 4385 cbo

113 4430 170 4471 nro.
190 4417 277 4472 CCIV.
338 4461 340 4468 ,
742 4431 743 4434 ’
963 4441 965 4447 ’
989 4429 991 4433 ’
