2798 4980
659 323 721 390 128

201 515 363 577 Gedrnclrt:
391 521 406 575 l
432 538 475 571 =
490 515 646 576 Reuohlins
662 518 884 594 augenspiege13
906 517 989 576 B...
1013 517 1056 591 E;
1080 520 1099 577 2
1125 538 1163 571 =
1183 533 1203 576 v.
1222 517 1241 576 l.

112 620 217 698 Hardt,
240 621 290 682 lol.
309 626 350 682 20
365 623 409 682 bis
426 624 483 694 343
508 624 525 683 3
544 642 586 675 =
602 623 768 697 Mayerhoff
780 642 803 684 s.
821 627 861 683 18
879 625 922 717 bis
939 627 992 683 74.

618 821 762 890 CXXIII.

185 909 323 977 stuttgart.
1023 915 1057 962 20
1077 912 1140 963 Nor.
1162 912 1220 962 1510.

112 1015 262 1091 Maister
293 1014 473 1089 Hanuscn
508 1012 758 1090 Ammorbach
778 1014 925 1116 ‚burger
956 1043 1003 1090 zu
1029 1016 1139 1092 Basel
1168 1013 1246 1091 unnd

112 1137 358 1214 buchtruoker
391 1137 529 1212 minem
562 1136 684 1212 liebcn
719 1138 825 1213 unnd
860 1149 991 1239 gulten
1026 1139 1162 1215 frilnnd
1192 1136 1245 1240 [lo.

473 1259 670 1362 Reuchlin]
699 1261 736 1336 S.
765 1263 810 1336 D.
840 1263 917 1337 P.¹

202 1422 290 1488 Data
306 1443 407 1506 opera
421 1422 466 1487 mi
481 1423 705 1504 Amorbacchi,
727 1424 861 1490 tandem
877 1446 953 1491 ecce
969 1425 1033 1491 tibi
1046 1419 1248 1492 Ezechielem¹

115 1533 150 1594 et
178 1527 301 1594 Graece
332 1534 365 1593 et
399 1527 560 1595 Hebraioe
592 1531 787 1613 castigatum
821 1531 907 1596 inter
937 1535 988 1596 tot
1022 1529 1146 1616 Scyllas
1177 1533 1251 1612 atque
1305 1532 1309 1601 l

115 1632 312 1718 Charybdeis
323 1655 341 1700 e
354 1634 522 1718 naufragio
534 1635 603 1719 lege
611 1635 738 1701 Rhodia
753 1635 878 1702 salvum
888 1636 992 1716 mitto,
1003 1635 1142 1701 daturus
1153 1639 1252 1708 caten,
1305 1614 1309 1713 l

116 1737 193 1804 dum
224 1761 284 1823 per
312 1739 492 1804 saecularia
521 1741 655 1824 negocia
682 1747 750 1805 tam
785 1742 1013 1807 triumviratus
1046 1741 1152 1807 nostri
1180 1750 1253 1824 quan
1307 1744 1309 1751 '

117 1843 241 1909 ducalis
264 1845 390 1929 imperii
413 1845 532 1910 licebit.
578 1847 703 1912 Tantus
730 1851 840 1912 autern
869 1867 946 1929 erga
973 1852 1007 1912 te
1035 1845 1117 1910 mihi
1139 1849 1188 1910 est
1204 1840 1254 1906 ani-

115 1970 197 2029 mus‚
227 1956 265 2015 ut
287 1951 382 2016 facile
407 1951 529 2016 omneis
552 1951 724 2036 omniaque
753 1957 829 2016 ante
860 1962 958 2035 quam
987 1956 1021 2016 te
1054 1950 1256 2035 relinquerem.

114 2055 203 2120 Nibil
233 2055 310 2121 addi
340 2055 382 2121 ad
409 2063 556 2121 nostram
584 2057 764 2122 amiciciam
792 2062 917 2140 potest,
947 2057 996 2121 ita
1025 2062 1172 2120 amamus
1192 2054 1258 2118 iuter

115 2181 183 2239 nos,
207 2161 254 2225 sic
270 2181 361 2244 pure,
383 2168 421 2226 ut
444 2163 471 2226 si
494 2162 586 2245 pueri
610 2163 720 2227 simus.
769 2162 973 2246 Quamquam
997 2167 1030 2226 et
1051 2160 1136 2226 illud
1159 2158 1262 2224 Aristo·

116 2264 232 2348 phanis
254 2266 288 2329 in
310 2264 456 2349 nephelis
479 2288 555 2332 vere
579 2267 619 2332 de
649 2267 743 2333 nobis
773 2266 836 2332 dici
866 2262 967 2351 queat
999 2272 1039 2342 ὡς
1063 2256 1107 2341 aa
1128 2255 1262 2336 actiaci

115 2369 259 2459 γέροντες.
306 2370 453 2436 Vidimus
480 2372 580 2455 igitur
608 2394 633 2437 s.
657 2373 888 2458 Hieronymum
910 2372 943 2435 in
967 2370 1078 2454 genesi
1101 2369 1265 2435 Graecast

117 2474 288 2556 Hebraice,
311 2476 343 2539 in
367 2476 534 2560 prophetis
560 2482 599 2543 12
623 2477 801 2543 minoribus
825 2477 959 2556 Graece,
981 2476 1016 2540 in
1031 2475 1209 2541 Salomonis
1225 2491 1267 2536 ro

116 2579 299 2661 luminibus,
322 2581 355 2645 in
379 2561 521 2648 saliens
545 2582 687 2662 dimidio,
710 2584 743 2647 in
766 2588 835 2648 tolo
858 2582 961 2662 nara,
983 2581 1018 2646 n
1040 2580 1208 2647 azelino
1230 2577 1268 2642 u-

118 2692 209 2770 tegro
237 2686 361 2753 Graece
391 2694 425 2753 et
452 2688 627 2768 Hebraice3
662 2695 812 2773 superest
838 2709 878 2754 ex
907 2687 1148 2762 commentariis
1171 2685 1270 2752 Hiere-

117 2793 198 2858 mias
229 2792 316 2858 solus
349 2797 381 2857 et
410 2792 598 2858 dimidiatus
627 2792 743 2860 Daniel
775 2816 848 2859 oum
878 2799 1082 2859 caeterorum
1111 2791 1272 2859 Hebraico.

116 2897 200 2964 Nam
222 2898 315 2983 parvi
333 2898 462 2977 laboris,
485 2904 522 2964 ut
545 2898 697 2978 arbitror,
721 2900 912 2983 psalterium
937 2897 1009 2964 erit.
1055 2897 1127 2976 Qua
1150 2902 1273 2982 propter

118 3025 184 3085 oro,
207 3010 245 3070 ut
267 3003 308 3069 ad
332 3026 383 3070 me
408 3003 541 3082 scribas,
566 3025 649 3089 quae
674 3004 716 3070 sit
739 3004 943 3088 cogitationis
964 3010 1041 3069 tuae
1064 3003 1226 3068 institutio
1247 3005 1275 3067 et

119 3130 258 3194 quonam
290 3110 402 3175 ordine
434 3115 551 3174 cuncta
580 3110 659 3174 velis
690 3110 884 3194 imprimere.
931 3108 983 3174 Sic
1012 3107 1115 3174 libros
1138 3108 1202 3175 tibi
1221 3107 1276 3172 sin·

118 3215 209 3299 gulos
240 3215 438 3280 commodius
472 3214 697 3299 suppeditabo.
742 3215 951 3298 Hirsaugiam
979 3213 1104 3281 accessi
1131 3236 1193 3280 neo
1218 3211 1276 3277 illic

118 3320 266 3386 iuventus
291 3321 465 3399 estodus,
490 3321 552 3386 nisi
584 3343 680 3405 quem
703 3320 747 3386 ad
776 3327 809 3386 te
838 3341 924 3386 nunc
955 3320 1051 3386 mitto
1074 3319 1276 3385 Ezechielem.

119 3424 157 3489 In
183 3424 370 3508 Esselingen
404 3426 484 3490 nihil
507 3426 633 3510 reperi,
668 3426 701 3490 in
725 3425 938 3491 Bebenhusen
965 3424 1032 3504 fui,
1063 3445 1130 3490 non
1152 3425 1187 3488 in
1207 3443 1277 3500 ren,

120 3529 244 3596 scilicet
274 3530 462 3596 absentibus
487 3531 645 3597 librorum
673 3530 867 3616 praefectis,
900 3529 960 3595 sed
990 3528 1106 3595 redibo
1129 3536 1277 3595 actutum.

119 3637 168 3702 Tu
198 3658 249 3703 me
278 3636 377 3702 facito
408 3638 580 3703 certiorem
610 3638 649 3703 de
674 3637 831 3703 societate
854 3641 963 3701 vestra
986 3635 1192 3714 triumvirali,
1214 3654 1278 3718 per·

118 3743 246 3812 fectaue
270 3743 322 3824 sit,
344 3763 386 3808 an
410 3765 473 3810 non
490 3743 511 3808 ³.
557 3744 606 3810 De
623 3744 745 3828 nuptiis
768 3763 895 3829 quoque
911 3741 1046 3807 loannis
1068 3740 1175 3816 nostri
1198 3736 1279 3806 Sedi-

699 3888 717 3928 *

193 3984 205 4030 1
226 3977 363 4051 Zwischen
386 3979 485 4028 diesem
507 3978 560 4029 und
584 3979 642 4028 dem
665 3979 748 4029 briefe
771 3993 832 4028 vom
859 3981 889 4028 12
910 3976 967 4026 Juli
987 3975 1065 4043 (oben
1091 3992 1148 4028 uro.
1168 3975 1281 4043 CXVIII)

119 4065 186 4133 liagt
205 4066 259 4130 ein,
282 4083 331 4116 nur
354 4082 402 4116 aurs
425 4082 545 4116 unserem
563 4068 646 4118 briefe
665 4083 697 4117 zu
716 4065 949 4129 ersohliessender,
974 4065 1029 4115 uud
1048 4066 1132 4116 durch
1151 4065 1203 4117 den
1221 4061 1285 4116 brial

119 4169 179 4203 rom
199 4157 231 4204 31
252 4155 355 4220 August
378 4155 442 4204 1512
463 4154 647 4221 heglaubigter
669 4156 804 4222 totu-giga
823 4152 971 4204 ausenthalt
990 4153 1133 4204 Reuchlins
1153 4155 1182 4205 in
1202 4151 1292 4225 Basol..

122 4244 136 4288 2
161 4238 219 4306 Ez.]
247 4241 351 4292 beaicht
375 4243 433 4293 sich
459 4245 507 4292 auf
532 4244 574 4293 die
597 4259 672 4310 ausg.
699 4244 743 4295 des
773 4244 958 4308 Hieronymus.
1051 4243 1066 4291 3
1094 4242 1143 4293 Die
1171 4244 1285 4296 Societas

121 4327 292 4378 triumviralis
313 4331 348 4378 ist
366 4330 433 4381 ohne
457 4332 558 4382 aweifel
581 4331 623 4381 die
642 4333 808 4398 verbinduug
832 4331 876 4382 des
895 4330 1033 4380 lohannes
1054 4329 1220 4396 merbach,
1244 4331 1286 4382 das

122 4412 183 4464 Joh.
200 4415 302 4467 Froben
321 4417 374 4466 und
392 4418 454 4469 Joh.
476 4420 553 4484 Petri,
572 4420 614 4470 die
632 4422 759 4487 iibrigeus
779 4421 861 4472 sehon
881 4436 927 4470 vor
947 4419 992 4468 der
1011 4419 1063 4469 aclt
1085 4418 1175 4470 dieses
1193 4419 1287 4472 brieter
