2798 4980
673 121 735 189 141

114 312 232 393 deant,
261 311 393 398 quando
421 311 510 378 inter
540 310 742 379 Christianos
770 316 833 379 et¹
870 314 1001 398 quidem
1030 317 1117 383 inter
1145 340 1202 386 eos
1231 318 1289 405 qui

112 419 206 485 docti
235 423 447 502 reputantur,
474 423 508 483 11
534 417 665 484 unicum
694 418 876 485 invenerint
900 421 922 500 1,
953 423 1009 505 qui
1039 444 1131 490 suam
1155 444 1287 491 causam

111 530 202 608 agat,
234 529 364 589 tutetur
393 543 431 588 ac
455 521 622 603 defendat,
646 523 740 607 quasi
763 523 853 588 nec³
883 524 1065 604 Christum,
1088 540 1195 608 neque
1219 523 1291 588 Vir-

113 629 226 712 ginem
248 635 403 707 matrem,
432 649 537 712 neque
563 627 743 711 apostolos,
774 649 881 714 neque
903 628 1001 696 fidem
1031 636 1180 697 nostram
1207 629 1291 694 inte-

113 743 279 799 meratam
307 732 554 816 blasphement4
576 737 635 799 ant
665 731 865 818 vituperent,
889 735 948 800 sed
978 736 1132 822 quicquid
1154 734 1288 814 faciant,

115 846 177 906 aut
199 840 342 924 majores
365 857 476 903 eorum
499 837 690 922 scripserint
711 838 745 902 in
773 839 823 904 sui
846 839 1067 908 defensionem
1098 847 1132 906 et
1153 837 1234 905 nulli
1256 837 1290 902 in

117 944 347 1030 praejudicium
378 947 437 1008 aut
463 942 658 1026 vituperium
680 943 826 1010 fecerint.
872 946 915 1012 Et
938 947 1032 1030 quia,
1055 952 1093 1014 ut
1121 944 1203 1011 illud
1224 943 1287 1008 Im-

114 1049 296 1134 peratoriae
320 1048 486 1132 Majestati
515 1046 714 1114 sufficienter
739 1051 938 1132 persuadere
960 1073 1091 1137 posses,
1121 1049 1227 1116 varias
1257 1053 1291 1114 et

118 1155 255 1241 quidem
276 1153 435 1220 invalidas
457 1154 601 1220 rationes
629 1175 821 1221 aranearum
844 1156 918 1222 telis
945 1155 1157 1241 fragiliores⁵
1184 1155 1286 1221 addu-

121 1261 210 1342 xisti,
234 1261 431 1326 autoritates
460 1272 589 1344 quoque
617 1259 760 1326 diversas
788 1261 959 1344 scripturae
987 1284 1089 1330 saorae
1117 1268 1151 1328 et
1180 1260 1288 1329 sacro-

119 1387 195 1432 rum
219 1365 418 1432 doctorum⁶
449 1366 627 1431 renitentes
657 1365 700 1431 ad
723 1386 852 1431 sensum
876 1367 973 1450 'quem
1000 1373 1038 1432 tu
1060 1367 1192 1434 volebas
1215 1386 1292 1433 con·

118 1470 255 1553 torsisti,
281 1470 451 1537 nonnullas
468 1470 565 1536 etiam
583 1471 779 1554 positiones⁷
795 1470 1013 1552 scandalosas,
1029 1471 1114 1538 male
1127 1476 1291 1551 sonantes,

120 1583 154 1643 et
176 1576 304 1661 piarum
328 1577 456 1642 curium
479 1573 650 1642 offensivas
673 1575 843 1640 hincinde
867 1575 1102 1657 interseruisti,
1127 1596 1191 1660 quo
1222 1596 1291 1640 sus-

108 1689 252 1766 -peotum
281 1689 314 1747 te
346 1680 519 1747 reddidisti
534 1679 562 1760 ⁸,
602 1681 695 1765 quasi
724 1700 788 1745 non
816 1685 905 1745 caste
935 1701 1017 1765 pure
1040 1701 1079 1748 ac
1111 1680 1291 1765 synceriter

119 1793 157 1854 ut
179 1791 312 1870 oportet
335 1786 375 1852 de
398 1784 471 1865 fide,
495 1785 535 1850 de
558 1785 727 1870 scripturis
751 1786 865 1865 sacris,
889 1785 930 1850 de
954 1785 1183 1853 ecclesiasticis
1206 1791 1290 1851 trac-

120 1891 285 1958 tatoribus
309 1892 430 1957 sentias
448 1889 469 1955 1.
515 1889 609 1969 Quod
636 1890 729 1956 nobis
747 1891 773 1928 ¹⁰
803 1890 1010 1958 vehementer
1033 1898 1067 1958 et
1088 1891 1163 1977 plus
1187 1911 1286 1975 quam

122 1997 186 2063 dici
216 2003 328 2081 potest
357 1995 461 2076 dolet,
488 2002 527 2061 ut
554 2002 635 2080 puta
665 1995 881 2061 commembro
904 2001 1016 2062 nostro
1038 1995 1202 2063 infirmato
1225 2018 1285 2080 pro

123 2103 302 2168 christiana
335 2101 458 2186 pietate
500 2099 745 2167 condolentibus
776 2101 811 2165 ¹¹.
867 2099 967 2182 Nam,
1004 2108 1088 2169 teste
1122 2101 1290 2185 Apostolo,

123 2227 235 2274 omnes
258 2227 359 2273 uuum
381 2227 499 2290 corpus
522 2227 633 2272 sumus
657 2210 817 2290 quotquot
838 2205 872 2269 in
896 2206 1025 2273 Christo
1055 2208 1212 2293 baptisati
1239 2229 1292 2274 su·

124 2334 207 2379 mus.
258 2311 306 2378 Ne
344 2332 420 2396 ergo
450 2311 572 2376 malum
599 2311 660 2376 hoc
694 2311 727 2375 in
757 2310 838 2376 alios
869 2310 967 2378 letius
996 2319 1155 2398 serperet,
1184 2333 1290 2397 neque

124 2423 162 2484 tu
189 2419 223 2483 in
247 2437 286 2483 eo
311 2423 601 2509 computresceres,
625 2416 750 2484 nere12
773 2413 890 2500 perfidi
914 2417 1021 2483 Judaei
1042 2419 1075 2482 in
1099 2418 1291 2485 immensum

121 2523 356 2608 gloriarentur,
383 2528 512 2589 mature
543 2522 793 2589 deliberavimus
823 2521 863 2586 de
886 2521 983 2588 modo
1007 2544 1071 2607 quo
1093 2545 1154 2609 per
1176 2546 1235 2589 nos
1258 2530 1291 2588 et

121 2628 220 2708 alios,
244 2648 382 2713 quorum
410 2627 446 2693 id
472 2629 611 2694 maxime
640 2627 793 2709 interest,
833 2626 907 2692 huic
934 2627 1020 2692 malo
1053 2633 1289 2694 occurreretur.

120 2734 244 2801 Verum
270 2734 384 2819 paucis
416 2733 539 2800 exactis
571 2733 597 2773 11
630 2731 746 2799 diebus
776 2731 961 2798 Venerandi
994 2731 1142 2816 Magistri
1178 2731 1291 2812 nostri,

121 2836 285 2905 Arnoldus
301 2839 341 2906 de
351 2839 500 2923 Tuugeri,
516 2859 575 2905 nee
590 2858 654 2903 non
662 2837 831 2904 Conradus
842 2836 938 2903 Kolin
949 2836 1131 2905 confratres
1139 2836 1243 2903 nostri
1255 2837 1291 2917 11,

120 2943 217 3011 nobis
240 2943 400 3029 quasdam
422 2947 535 3012 literas
551 2966 591 3011 ex
613 2950 647 3010 te
662 2943 705 3009 ad
727 2965 761 3010 se
778 2942 872 3010 dates
881 2941 911 3032 11
927 2941 1148 3025 ostenderunt,
1172 2941 1290 3027 quibus

119 3071 237 3116 revera
267 3071 332 3116 uon
366 3072 482 3136 parum
509 3051 630 3116 fuimus
659 3049 847 3131 exhilarati,
872 3046 960 3133 quod
981 3047 1046 3114 illis
1068 3046 1291 3114 infirmitatem

119 3162 214 3222 tuam
237 3163 270 3222 et
291 3155 508 3240 improvidum
532 3175 677 3222 errorem
699 3155 866 3221 humiliter
890 3159 924 3219 et
946 3153 1104 3221 catholice
1123 3153 1290 3234 fatebaris,

117 3261 264 3346 rogando
293 3261 425 3329 eosdem
455 3266 615 3346 quatenus
643 3266 677 3326 te
706 3266 817 3327 nostro
851 3257 994 3344 Collegio
1018 3259 1291 3339 commendarent,

117 3387 160 3433 ac
195 3367 321 3450 singula
350 3367 383 3432 in
412 3373 539 3449 partem
561 3366 728 3432 meliorem
755 3367 1051 3449 interpretarentur
1069 3365 1111 3446 11,
1141 3364 1230 3449 quod
1258 3371 1291 3430 et

117 3471 185 3556 ipsi
211 3470 383 3557 diligenter
413 3493 486 3536 curn
515 3491 630 3555 magna
661 3471 836 3551 charitate,
865 3470 1140 3557 quemadmodum
1169 3470 1290 3552 petisti,

117 3576 231 3642 facere
263 3582 460 3644 curaverunt
496 3575 755 3660 effeceruntque,
791 3582 829 3641 ut
857 3582 890 3641 te
924 3574 1119 3642 catholicum
1149 3572 1292 3639 ecclesiae

695 3721 711 3756 *

194 3807 439 3876 l'Etauagelasaen
451 3815 472 3861 1.
522 3809 748 3859 tinueneruntl.
797 3806 918 3858 311112.
967 3799 1291 3868 auoquamzugefngra.

115 3901 133 3951 5
155 3902 200 3951 111.
221 3899 266 3951 tel.
286 3899 353 3964 frag
373 3897 545 3964 ausgelaaaan
566 3903 590 3949 1.
645 3898 661 3947 d
681 3896 752 3947 Socr.
766 3893 845 3961 doct]
864 3894 1001 3958 utriusque
1013 3892 1078 3942 iuris
1091 3891 1120 3960 (l)
1134 3895 1157 3944 1.
1214 3891 1291 3941 tPro

113 3989 261 4057 positiones
285 3993 307 4037 1.
361 3986 494 4039 8111111111
511 3993 521 4038 1
538 3987 662 4038 etfiirac
678 3989 700 4035 1.
749 3981 894 4032 9811111111
914 3981 939 4031 3.
989 3984 1020 4032 10
1037 3978 1138 4031 Nos1.'
1181 3983 1209 4028 11
1225 3977 1292 4029 Con·

113 4077 237 4129 dolentes
260 4080 283 4126 1.
342 4079 370 4124 11
390 4077 445 4127 Nec
463 4077 506 4126 fdr
523 4091 590 4126 nere
613 4081 634 4125 l.
691 4075 722 4122 13
742 4070 818 4122 Nunc
840 4070 933 4135 paucis
952 4069 1067 4136 peractis
1090 4074 1112 4119 1.
1170 4071 1202 4117 14
1220 4067 1292 4118 Tun-

111 4167 172 4234 gari
193 4167 333 4217 artarer
350 4162 486 4216 conradus
505 4164 537 4214 de
550 4162 640 4225 Ulma‚
667 4174 800 4212 sacrarum
823 4157 958 4208 literarum
977 4159 1138 4226 professores
1157 4156 1248 4206 eximii
1268 4160 1294 4207 2.

112 4255 194 4310 165.
214 4271 239 4308 o.
265 4266 324 4303 nro.
345 4251 441 4303 CXXX
458 4251 512 4303 und
531 4251 651 4304 CXXXI.
727 4249 757 4308 16
777 4247 963 4314 Benigniorem
984 4244 1167 4380 corirbm*nobia
1189 4249 1211 4297 1.
