2580 4178
611 11 674 77 109

596 201 675 268 cvl.

121 291 262 357 stuttgart.
1034 290 1087 341 Mai
1111 292 1185 341 1509.

102 396 129 471 J
131 422 270 470 oannes
298 394 480 470 Beuchlin
497 394 716 469 Phoroensis
746 394 821 466 LL.
853 393 982 467 doctor
1008 394 1167 469 Nicolao

443 517 630 618 Ellenbog
656 518 823 592 salutem.

141 682 193 747 Ad
221 682 335 747 literas
366 687 440 747 tuas
472 701 582 747 amore
613 669 759 748 literario
788 681 993 766 plenissimas
1029 689 1062 747 et
1092 680 1223 766 quidem

9 870 12 874 Α
50 807 153 872 snpra
176 807 273 871 quarn
295 786 329 851 in
351 788 420 852 viro
444 787 622 852 monastico
646 788 832 871 quaesissem
855 792 960 852 tersas
985 794 1082 871 atque
1105 787 1223 871 politas

51 892 251 978 respondere
273 898 419 957 moratus
444 913 533 970 sum,
557 891 600 954 mi
624 891 740 957 Cubita
767 893 793 970 ¹,
817 913 879 956 non
905 897 1035 975 torpore
1060 892 1142 971 ullo,
1165 891 1223 958 sed

52 1003 231 1081 occupatus
254 998 302 1062 rei
325 997 495 1062 familiaris
517 1003 567 1062 to't
591 1002 624 1062 et
646 998 747 1062 tantis
771 997 936 1063 molestiis.
981 1000 1087 1081 Atque
1111 1019 1224 1062 vereor

52 1124 139 1169 nunc
162 1109 266 1181 certe,
289 1123 330 1167 ne
353 1108 390 1167 tu
413 1122 464 1166 me
488 1101 659 1168 confestim
688 1102 915 1185 philosophum
939 1102 1095 1186 abjecisse
1119 1108 1223 1186 putes,

52 1209 111 1294 qni
146 1206 383 1293 philosophiam
407 1209 514 1290 patiar
537 1207 723 1272 mortalium
759 1229 867 1271 rerum
892 1215 959 1273 tam
991 1209 1106 1273 vilibus
1138 1209 1223 1273 curis

54 1315 203 1399 opprimi.
248 1313 447 1378 Faciundum
471 1312 549 1391 fuit,
583 1313 717 1377 Nicolae
747 1318 780 1377 et
808 1314 835 1377 si
859 1313 1065 1396 Pripateticis
1089 1314 1242 1401 assentis¹

53 1440 141 1498 mur,
174 1418 435 1502 quandoquidem
471 1419 609 1483 materia
632 1418 779 1501 procedit
811 1417 961 1496 formam,
993 1418 1139 1501 paranda
1162 1418 1224 1482 fuit

54 1524 214 1590 hactenns
237 1525 414 1589 domestica
438 1525 584 1603 materia,
608 1529 645 1588 ut
676 1522 752 1587 inde
780 1523 1062 1606 contemplationis
1087 1524 1223 1586 formam

55 1629 178 1695 leviore
194 1630 336 1695 transitu
354 1631 574 1695 edoceremus.
607 1628 690 1706 Quid
707 1628 786 1694 illud
804 1631 878 1695 est?
900 1627 995 1693 Audi.
1035 1628 1115 1692 Cum
1132 1627 1242 1692 annis‘

55 1734 278 1819 superioribus
302 1735 439 1800 multum
463 1743 681 1820 aegrotassem,
705 1735 935 1800 consuluerunt
958 1734 1074 1798 medici
1099 1740 1132 1798 et
1154 1733 1224 1798 illo·

56 1861 129 1905 rum
159 1841 310 1923 princeps
334 1841 487 1906 Stocarns
512 1842 541 1918 ²,
569 1847 607 1906 ut
629 1841 715 1905 illico
740 1845 828 1906 brem
850 1848 1020 1905 mutarem.
1061 1839 1158 1922 Coepi
1184 1861 1224 1902 ex

58 1944 272 2010 urbano'fieri
295 1947 448 2011 rusticus.
487 1945 579 2024 Quod
603 1946 698 2011 facilc
723 1946 841 2011 facturn
868 1952 948 2025 erat,
972 1947 1121 2029 quoniam
1145 1943 1223 2007 mihi

59 2050 218 2134 praedium
247 2052 279 2115 in
310 2052 504 2117 suburbanis
530 2058 625 2116 esset.
674 2053 734 2116 Ubi
766 2052 826 2116 hoc
854 2052 955 2116 ferme
981 2051 1144 2116 biennium
1175 2051 1224 2114 ita

58 2154 260 2221 aedificando
291 2158 490 2241 consumpsi,
521 2163 620 2222 utne
644 2157 734 2221 libris
758 2158 859 2222 ullum
882 2158 1084 2240 reliquissem
1108 2156 1223 2234 locum,

57 2281 133 2325 nam
160 2261 387 2328 bibliothecam
411 2264 443 2327 in
466 2264 547 2329 urbe
572 2264 689 2341 dimisi,
715 2285 772 2345 ego
797 2271 907 2328 autem
932 2284 986 2327 rus
1011 2261 1132 2325 habito.
1181 2261 1224 2324 Et

57 2388 162 2451 nsque
186 2367 248 2432 huc
263 2369 348 2433 inter
371 2390 421 2433 me
439 2376 538 2452 atque
555 2369 655 2434 libros
672 2369 817 2433 odiosum
834 2375 1024 2450 perseverat
1040 2366 1222 2443 divortium,

58 2479 95 2536 ut
126 2494 185 2537 nec
216 2473 276 2538 tibi
308 2495 367 2538 nec
393 2474 490 2537 alicui
522 2474 618 2538 alteri
649 2473 744 2537 docto
775 2475 841 2536 viro
876 2473 957 2536 satis
982 2493 1040 2552 pro
1065 2471 1222 2551 dignitate

60 2578 233 2661 quicquam
258 2579 400 2644 scribere
426 2580 555 2662 possim.
604 2580 749 2643 Accessit
773 2586 865 2641 tanta
891 2577 1092 2641 literatorum
1118 2575 1224 2656 ingra-

59 2683 177 2761 titudo,
208 2704 304 2766 quam
338 2684 490 2748 librarius
525 2685 672 2767 queritur
701 2685 755 2767 qui
785 2704 917 2765 operum
947 2688 1129 2745 nostrorum
1153 2685 1222 2742 tam

60 2808 154 2853 raros
185 2789 326 2878 inuenire
356 2812 390 2854 se
419 2792 465 2854 ait
495 2797 692 2855 mercatores
724 2812 761 2854 ac
789 2809 870 2872 pene
901 2787 1078 2851 licitatores
1107 2784 1222 2862 nullos,

58 2900 95 2958 ut
130 2894 241 2959 mallet
271 2897 557 2978 Antegameratum
592 2896 604 2933 ³
638 2896 792 2979 aliquem,
827 2901 884 2958 aut
914 2913 1015 2976 parva
1037 2889 1223 2974 logicalia⁴

59 3000 217 3064 Maulleld
244 3002 455 3084 impressisse.
503 3002 595 3067 Unde
629 3003 734 3066 factus
765 3023 834 3065 sum
859 3004 907 3079 (ut
935 3019 1011 3062 vera
1034 2993 1154 3081 fatear)
1179 2995 1223 3060 ad

57 3105 177 3169 altiora
199 3106 451 3189 componendum
476 3107 609 3171 tardior.
657 3109 777 3170 Parata
801 3126 875 3169 vero
893 3103 1087 3168 Arcademia
1110 3108 1223 3167 nostro

57 3211 89 3274 in
114 3211 195 3289 loco,
220 3233 290 3275 cum
316 3212 434 3277 litteris
459 3213 572 3278 redibo
596 3214 626 3275 in
652 3213 789 3296 gratiam
815 3217 847 3274 et
868 3211 971 3293 majus
989 3231 1068 3291 opus
1086 3209 1223 3273 movebo

57 3316 241 3381 volentibus
266 3318 325 3382 diis
350 3318 547 3402 deorumque
572 3320 692 3401 optimo
717 3318 855 3380 maximo
880 3316 980 3378 Jlresu
1002 3337 1076 3396 rege
1101 3321 1221 3378 nostro.

148 3422 211 3488 Sed
244 3430 281 3486 ut
312 3424 353 3488 ad
389 3432 462 3488 tuas
508 3425 714 3507 quaestiones
751 3424 885 3485 veniam.
941 3421 1101 3502 Thargum
1140 3418 1223 3482 thal-

57 3528 189 3594 mudica
212 3528 310 3593 dictio
335 3537 393 3607 est,
418 3553 480 3594 non
505 3530 667 3607 hebraica,
692 3530 769 3592 licet
793 3526 964 3592 admodum
983 3524 1140 3589 Hebraeis
1157 3522 1221 3588 usi·

56 3641 129 3701 tata
167 3641 199 3699 et
235 3634 392 3717 significat
422 3637 721 3718 interpretationem
756 3634 963 3698 chaldaicam.
1018 3632 1064 3694 De
1106 3628 1221 3693 cabala

628 3766 645 3802 ss

131 3861 139 3904 1
164 3853 243 3906 Diesa
263 3854 432 3922 latinisirung
452 3855 496 3905 dcs
521 3872 627 3908 nameus
652 3855 714 3906 wird
739 3871 788 3903 von
813 3852 941 3939 Ellenbog
962 3850 1021 3901 sehr
1040 3851 1123 3901 salton
1144 3866 1222 3916 ange·

55 3944 165 3996 wandel.
229 3950 243 3995 2
264 3946 323 4010 vgl.
343 3946 392 3996 don
413 3946 482 3995 brief
498 3964 529 3995 an
552 3947 604 4008 ihn,
625 3946 689 3995 endc
713 3949 786 3993 1512.
855 3946 869 3990 3
891 3942 961 3992 Uber
980 3939 1022 3989 die
1043 3940 1136 3990 schrift
1155 3940 1222 3989 habe

56 4036 99 4085 ich
120 4034 207 4083 wcdcr
223 4033 266 4084 bei
281 4034 349 4083 Haln
369 4034 436 4085 noch
449 4037 548 4084 Panzer
568 4035 658 4099 irgend
681 4036 738 4082 eine
757 4034 829 4082 notin
849 4030 934 4080 finden
955 4033 1069 4080 konnen.
1126 4033 1141 4076 4
1161 4029 1222 4078 Par·

637 4124 642 4133 ’
676 4123 681 4133 ’
723 4137 749 4170 ra
769 4122 858 4171 hicum
877 4136 935 4170 nro.
958 4123 1042 4170 12430
1063 4118 1103 4169 bis
1127 4119 1221 4168 12432.
