2798 4980
672 338 713 409 51

197 536 361 602 Gedrnckt:
388 546 402 600 1
423 564 465 595 =
482 541 514 601 0.
530 558 558 600 v.
576 557 601 599 e.
624 533 695 598 e3b
715 538 771 613 fg.;
797 541 814 597 2
837 560 879 592 =
901 540 928 598 J.
945 557 972 598 v.
989 556 1014 598 e.
1030 535 1073 611 fb;
1100 541 1117 599 3
1137 561 1179 593 =
1195 533 1226 600 C.
1244 553 1270 601 v.

120 662 140 705 e.
155 647 181 705 11
196 646 244 705 fol.
265 642 324 705 32b
341 647 354 704 f
375 693 380 705 .

648 817 746 884 LVII.

179 924 331 974 Franksurt.
443 982 445 993 k
1009 924 1040 972 26
1059 920 1136 973 Febr.
1159 923 1237 973 1496.

110 1042 318 1118 Bernardus
333 1040 542 1119 Scho‘ferlin
556 1041 692 1117 Doctor
709 1042 735 1116 J
737 1042 849 1115 oanni
863 1041 1047 1117 Reuehlin
1060 1041 1272 1138 Phorcensi,

110 1199 137 1265 si
167 1221 233 1284 qua
264 1199 353 1265 salus
383 1199 549 1283 usquam¹
579 1202 643 1278 est,
675 1219 747 1263 eam
778 1202 920 1280 exoptat.
963 1198 1045 1263 Rem
1073 1198 1180 1263 animo
1202 1218 1275 1264 meo

109 1325 256 1370 emeram
289 1291 511 1387 ambabusque
540 1302 658 1367 erectis
688 1301 838 1368 manibus
867 1301 948 1367 coelo
978 1301 991 1340 ²
1018 1301 1200 1370 deflendam
1229 1305 1276 1369 in·

110 1410 235 1476 timasti
266 1408 390 1476 obitum
428 1408 578 1474 videlicet
614 1408 727 1493 optimi
760 1407 915 1491 principis
950 1409 1053 1474 nostri
1081 1408 1107 1488 ³,
1138 1410 1193 1493 qui
1222 1429 1274 1476 me

112 1515 208 1580 deum
233 1520 347 1596 testor,
371 1514 498 1598 gravius
522 1534 619 1597 quam
643 1513 719 1577 dum
742 1511 889 1577 carnales
905 1517 1058 1596 parentes
1080 1514 1187 1595 amisi,
1211 1535 1276 1579 non

111 1626 179 1707 tarn
204 1621 273 1704 ejus
303 1617 374 1705 (qui
406 1641 573 1686 commune
604 1617 752 1683 omnibus
784 1616 930 1683 debitum
962 1617 1113 1703 exsolvit)
1141 1619 1276 1703 4quam

108 1726 227 1810 patriae
251 1726 355 1790 vicem
379 1723 500 1790 dolens.
547 1724 653 1801 Quare
678 1722 800 1788 frustra
823 1744 844 1786 a
873 1743 923 1787 me
948 1723 1114 1788 eonsilium
1137 1724 1272 1808 expetis,

112 1832 168 1915 qui
185 1831 287 1896 omnis
305 1830 429 1894 consilii
449 1851 487 1894 ac
503 1829 731 1894 consolationis
755 1850 872 1911 expers
888 1849 968 1893 sum.
991 1828 1039 1893 Ne
1056 1835 1164 1894 tamen
1181 1829 1276 1895 amici

112 1936 254 2002 officium
276 1937 335 2002 tibi
352 1936 520 2018 denegem:
543 1935 682 2018 primurn
698 1935 730 1998 in
755 1934 844 1998 nulla
859 1954 894 1998 re
912 1934 1178 2016 desperationem,
1203 1954 1274 2019 quac

112 2042 261 2108 omnibus
284 2042 430 2106 humanis
454 2041 486 2105 in
508 2040 606 2106 rebus
630 2040 760 2105 exitiale
784 2039 907 2104 melum
924 2044 987 2120 est,
1011 2038 1275 2105 admittendam⁵

113 2169 193 2212 esse.
241 2145 304 2211 Sed
335 2146 390 2210 ubi
415 2147 589 2210 humanum
613 2143 736 2226 deficit,
765 2145 907 2210 diuinum
937 2166 1007 2210 esse
1031 2145 1199 2210 eonsilium
1222 2167 1272 2211 re-

113 2240 315 2335 quirendum.
362 2250 512 2315 Orandus
545 2255 595 2315 est
625 2255 755 2317 creator
787 2251 929 2316 omnium
956 2255 994 2316 ut
1024 2272 1105 2317 novo
1138 2250 1277 2335 principi

112 2362 223 2422 nostro
248 2361 388 2420 mentem
413 2376 526 2420 sanam
548 2354 683 2436 tribuat,
705 2377 746 2421 ne
770 2342 873 2421 omnis
894 2355 1047 2422 honestas
1063 2357 1177 2440 patriae
1199 2362 1276 2422 ruat

116 2466 149 2527 et
172 2461 383 2546 opprimetur.
431 2461 500 2526 Hoc
527 2459 681 2526 inducere
710 2460 743 2524 in
771 2461 912 2526 animum
936 2463 1004 2546 ejus
1028 2461 1168 2527 fortasse
1192 2460 1274 2526 diffi-

116 2566 176 2632 cile
204 2571 263 2646 eet,
286 2567 394 2632 nescio
419 2566 504 2630 enim
528 2565 645 2651 quibus
668 2564 765 2630 fidem
788 2565 952 2633 adhibeat.
992 2566 1056 2632 Sed
1073 2567 1277 2647 conduceret,

115 2677 153 2737 nt
175 2671 290 2752 credo,
319 2673 347 2737 si
370 2671 512 2756 praelati,
535 2670 659 2736 nobiles
683 2677 782 2754 atque
805 2672 930 2755 priores
954 2673 1069 2755 patriae
1092 2678 1212 2738 nostrae
1236 2672 1278 2736 ci-

116 2799 170 2843 ues
193 2782 473 2861 congregarentur,
497 2777 525 2842 si
548 2775 625 2861 quid
642 2776 774 2859 singulis
791 2777 1015 2861 denegaretur,
1041 2777 1188 2842 omnibus
1205 2798 1279 2843 eon·

117 2883 267 2962 donaret,
290 2887 328 2948 ut
350 2882 401 2947 vel
425 2903 493 2963 eos,
518 2883 574 2966 qui
598 2904 638 2946 ex
661 2881 863 2947 ordinatione
883 2884 952 2966 jam
974 2881 1099 2966 pridem
1124 2881 1212 2947 facta
1235 2882 1278 2947 ad

117 2988 178 3054 hoc
195 2987 345 3072 deputati
368 2994 451 3067 sunt,
477 2987 624 3071 regimini
647 2988 761 3070 patriae
784 2992 989 3072 praeponeret
1011 2987 1063 3052 vel
1085 2987 1176 3069 alios,
1201 2987 1277 3052 dum

117 3099 228 3159 temen
254 3093 408 3159 honestos
439 3093 523 3157 viros
548 3092 711 3176 deligeret,
743 3093 782 3158 de
814 3093 946 3169 consilio
970 3097 1123 3158 statuum.
1172 3093 1276 3159 Credo

116 3200 200 3264 enim
224 3199 383 3264 neminem
407 3198 508 3264 exiis
533 3198 588 3282 qui
611 3197 687 3262 boni
711 3205 786 3264 sunt
809 3198 852 3263 ad
874 3199 935 3265 hoc
952 3198 1091 3264 officium
1126 3195 1189 3264 nisi
1211 3221 1278 3264 ma·

116 3326 177 3387 gno
201 3325 311 3369 amore
334 3305 448 3387 patriae
472 3325 662 3387 persuasum
679 3303 811 3369 ambire.
842 3305 935 3382 Quod
959 3307 987 3371 si
1009 3306 1096 3372 leves
1118 3326 1275 3389 personas

115 3409 331 3494 utquondem
347 3409 465 3475 adhoc
485 3408 654 3486 admiserit
671 3408 693 3490 ⁶,
717 3409 756 3474 de
772 3411 882 3493 patria
905 3417 939 3476 et
961 3412 1066 3478 salute
1089 3411 1277 3495 reipublice

115 3519 235 3581 nostrae
258 3519 366 3579 actum
390 3520 489 3599 atque
513 3513 751 3580 conclamatum
768 3522 826 3581 est.
873 3516 983 3582 Habes
1006 3517 1175 3584 consilium
1190 3518 1277 3583 inere

115 3625 214 3703 atque
231 3618 411 3699 turbatum,
435 3619 483 3683 ita
506 3626 542 3684 nt
558 3625 608 3685 est
631 3619 758 3685 animus
780 3643 881 3687 meus.
929 3621 993 3688 Sed
1021 3626 1058 3688 tu
1084 3644 1144 3708 pro
1167 3624 1279 3714 liuma-

115 3725 218 3788 nitate
242 3729 300 3788 tua
323 3723 438 3804 crede,
460 3723 496 3788 id
518 3723 603 3791 bono
631 3723 738 3790 animo
763 3726 912 3794 effluisse.
961 3726 995 3794 si
1025 3728 1111 3793 enim
1148 3728 1280 3793 utiliora

114 3827 293 3913 previdere
317 3829 496 3914 continges,
521 3830 582 3895 tibi
607 3831 857 3898 communicabo.
903 3832 952 3898 Tu
974 3831 1054 3898 vale.
1091 3833 1141 3896 Ex
1161 3833 1279 3897 Frane

114 3933 221 4000 ferdia
244 3933 295 4001 die
319 3934 418 4000 Lunae
449 3940 524 4020 post
546 3935 739 4004 dominicam
761 3937 989 4005 Reminiscere.
1035 3936 1128 4003 Anno
1159 3936 1272 4002 salutis

118 4043 212 4106 1496.

685 4153 703 4196 e

187 4261 198 4314 1
219 4273 334 4329 nequem
349 4263 372 4314 9.
429 4266 443 4314 1
464 4261 538 4315 eaelo
557 4269 581 4315 2.
637 4264 652 4314 3
672 4261 807 4330 principie]
823 4224 957 4314 Eberhard
976 4261 1047 4315 eterb
1064 4266 1097 4314 24
1110 4261 1186 4314 Febr.
1204 4264 1279 4312 1496.

115 4349 174 4419 vgl.
188 4352 283 4416 stetin,
299 4351 549 4418 wirtembergieehe
561 4351 717 4417 geschichte
730 4353 775 4417 Ill,
788 4368 808 4403 s.
824 4354 883 4403 645.
934 4355 950 4402 4
964 4352 1080 4404 excoluit
1094 4356 1118 4401 2.
1172 4351 1188 4399 5
1202 4351 1277 4399 amit·

114 4439 218 4492 tendam
239 4445 263 4491 2.
333 4438 505 4492 tedmieeris
527 4445 549 4491 1.
571 4445 595 4492 2.

1033 4526 1079 4589 4*
