2580 4178
628 13 689 80 169

59 201 168 268 werde
203 204 264 272 mit
289 204 568 290 philosophischer
597 203 677 270 ruba
701 202 753 269 die
776 202 1014 286 scbmdhungen
1038 204 1097 269 der
1119 201 1226 268 feinde

54 313 231 393 ertmgen3
274 310 320 376 sie
359 310 439 376 aber
475 309 602 376 worden
645 309 747 375 durch
789 309 858 375 ihre
894 308 1091 374 sobaudthat
1133 308 1225 373 ihren

58 435 179 480 namen
207 415 261 482 fuir
289 416 341 482 die
364 415 499 482 zukuoft
528 414 672 480 bekannt
694 414 839 480 machon.
891 415 1022 480 Viennae
1045 415 1226 494 Pannoniae,

61 521 157 588 nonis
181 520 348 605 Aprilibus
371 542 421 587 an.
448 527 542 586 1512.

152 665 312 725 Gedruckt:
336 669 351 725 l
371 687 413 718 =
430 665 462 725 C.
480 684 506 725 v.
525 683 549 724 e.
566 665 584 723 h
599 658 636 724 2¹>
652 663 696 740 fg3
724 665 834 725 2=J.
851 681 877 723 v.
895 680 919 722 e.
937 663 956 721 k
974 658 1010 722 4¹>
1028 656 1084 738 fg.;
1111 662 1223 724 3=(l.

57 791 86 834 v.
97 789 124 832 e.
141 772 180 833 11.
196 771 246 832 fol.
265 775 324 832 62⁸
337 769 376 848 fg.

567 990 720 1057 CXLVII.

134 1098 219 1147 wien.
708 1123 710 1128 .
982 1095 1091 1161 supin
1115 1097 1189 1144 1512.

57 1204 84 1279 J
86 1228 226 1278 oannes
257 1200 505 1304 Cuspinianus
538 1199 839 1300 Ohoeroporeus¹
872 1201 1012 1277 doanni
1044 1199 1227 1275 Reuchlin

561 1324 728 1397 salutern.

147 1508 371 1575 Eruditionem
395 1513 485 1573 tuam
508 1514 607 1593 atque
632 1509 829 1587 doctrinam,
857 1507 1041 1572 doctissime
1066 1508 1219 1590 Capuion,

54 1615 180 1681 tamin
204 1615 290 1679 omni
314 1614 435 1679 dudum
459 1615 592 1697 Europa
615 1615 822 1680 decantatam
845 1614 891 1677 ita
915 1614 1095 1696 amplector
1118 1619 1217 1697 atque

55 1720 238 1800 exosculor,
260 1725 383 1786 utnon
407 1721 527 1805 possim
549 1743 613 1786 non
636 1720 855 1786 commisereri
873 1720 941 1803 jam
965 1719 1131 1803 incipienti
1156 1726 1220 1785 tuas

54 1825 220 1892 senectuti
243 1847 314 1910 quae
336 1825 460 1891 frustra
482 1848 503 1891 a
526 1827 634 1892 sciolis
658 1833 823 1906 tentatur,
848 1825 905 1892 sed
929 1832 965 1890 tu
988 1826 1039 1900 fac
1064 1826 1166 1890 virum
1190 1831 1222 1890 te

56 1931 214 1998 exhibeas
246 1937 279 1997 et
310 1937 474 2021 μετεωρίαν
508 1935 559 1997 καὶ
586 1930 731 2020 ἀβλεψίαν
763 1944 824 1996 τῶν
861 1943 966 2021 μωρῶν
997 1931 1098 1996 facias
1126 1931 1225 1997 nihili.

55 2039 156 2104 Forte
181 2036 425 2103 Climactericus
442 2039 459 2111 2,
494 2045 569 2104 tuus
602 2061 674 2104 cum
707 2039 829 2104 nullum
861 2039 964 2122 possit
993 2045 1051 2102 aut
1076 2038 1221 2122 corporis

55 2150 116 2210 aut
145 2143 284 2208 fortunae
313 2143 515 2227 dispendium
540 2144 600 2209 tibi
623 2143 756 2223 afferre,
785 2145 878 2209 famae
902 2148 1039 2208 conatur
1057 2145 1221 2227 jacturam

55 2249 231 2315 adducere.
278 2249 341 2314 Sed
364 2255 397 2314 te
421 2272 548 2334 quoquc
572 2249 654 2333 finge
679 2250 782 2315 deum.
830 2251 940 2315 Habes
964 2270 1094 2333 graecas,
1119 2249 1220 2314 habes

55 2355 178 2420 latinas
201 2355 438 2420 consolationes
461 2356 684 2435 multiformes
708 2357 735 2420 si
759 2362 790 2420 te
810 2357 879 2439 jam
902 2354 1104 2420 hebraeorum
1121 2355 1219 2438 piget,

55 2462 201 2527 animum
223 2482 286 2526 non
303 2460 444 2544 dejicias.
492 2461 555 2526 Sed
579 2468 614 2525 tu
639 2461 721 2525 forte
745 2461 822 2525 mihi
839 2467 957 2525 noctua
974 2460 1116 2524 Athenas
1134 2460 1222 2524 dices

56 2567 145 2653 quod
169 2566 263 2631 facile
288 2567 417 2651 quidem
441 2567 519 2631 fere.
565 2567 648 2632 Nam
672 2567 719 2630 ita
743 2589 813 2630 sum
829 2572 917 2630 totus
941 2567 1110 2629 immersus
1135 2565 1224 2630 Coss.

56 2673 211 2738 Romanis
227 2695 307 2756 quos
322 2694 341 2736 a
357 2673 469 2755 primis
481 2673 577 2737 Junio
594 2680 626 2736 et
643 2674 743 2738 Bruto
760 2673 802 2736 ad
813 2670 1004 2736 Theodorici
1020 2693 1122 2754 usque
1140 2676 1220 2734 tem-

55 2799 138 2863 pora
162 2777 281 2842 deduxi
297 2799 337 2842 ex
354 2778 546 2842 Cassiodoro
571 2777 660 2862 (nam
683 2779 896 2861 imperatores
920 2778 1041 2841 omneis
1059 2783 1092 2841 et
1108 2778 1223 2841 Rorna-

55 2907 114 2950 nos
148 2891 182 2949 et
206 2884 334 2950 Graecos
369 2889 402 2948 et
434 2883 613 2949 Germanos
643 2890 675 2949 et
704 2885 848 2949 Thurcos
875 2885 943 2968 jam
976 2884 1098 2948 dudum
1130 2883 1224 2948 ador-

54 2997 150 3056 natos
174 3012 246 3055 mea
269 2990 494 3054 lucubratione
518 2990 672 3076 exaravi),
697 2997 733 3055 ut
755 2991 814 3056 sim
839 2997 957 3055 noctua
980 2990 1139 3055 hebetior.
1179 2991 1227 3055 Tu

55 3096 163 3162 vero³
206 3117 264 3181 pro
300 3116 409 3160 amore
443 3117 514 3161 meo
553 3098 649 3162 immo
687 3103 806 3162 nostrae
839 3097 1020 3162 Germaniae
1055 3097 1088 3161 id
1120 3118 1226 3181 operae

634 3248 651 3285 tlt

130 3344 139 3387 l
163 3337 299 3387 dohanues
332 3338 509 3403 Cuspinisnus
528 3359 563 3380 =
582 3336 774 3403 Choeroporeus
793 3361 827 3381 z
847 3336 1044 3403 Spiellhammer
1072 3339 1132 3403 geb.
1161 3343 1226 3388 1473

54 3443 85 3476 au
97 3428 284 3487 Schweinfurt,
299 3427 424 3476 studiertc
437 3428 464 3474 in
479 3427 555 3474 Wien
570 3435 645 3476 uuter
661 3427 756 3475 l'aulus
766 3427 929 3487 Arnalthtius,
943 3429 1074 3492 professor
1087 3427 1132 3474 der
1146 3426 1228 3474 dicht-

54 3517 144 3576 kunst,
165 3515 248 3564 erhslt
265 3518 329 3564 1493
344 3516 391 3563 den
407 3514 597 3576 lorbeerhranz,
619 3516 680 3564 wird
696 3515 786 3564 doctor
807 3515 851 3564 dcr
865 3515 976 3564 medicin
998 3515 1050 3563 und
1070 3515 1228 3564 iibernlrnmt

54 3606 120 3654 uach
145 3605 227 3654 Celtis
247 3604 307 3652 tode
328 3603 369 3652 die
388 3604 521 3668 professor
546 3604 591 3652 der
610 3604 815 3666 beredsamhcit,
835 3603 887 3652 und
908 3604 949 3652 die
969 3602 1084 3652 aufsicbt
1102 3602 1167 3650 iiber
1186 3602 1228 3650 die

52 3692 213 3742 kaiserliche
232 3692 390 3742 bibliothek.
430 3692 485 3741 Von
507 3694 568 3741 Max
589 3693 639 3740 und
657 3692 806 3741 Ferdinand
826 3708 856 3740 zu
878 3692 925 3741 den
947 3691 1112 3755 wichtigsten
1134 3696 1228 3738 staats-

52 3781 209 3846 geschitftcn
230 3780 391 3844 gebraucht,
418 3780 515 3830 anwolt
538 3782 583 3829 der
603 3781 673 3829 stadt
694 3782 782 3840 Wien,
810 3779 863 3829 voll
885 3781 1020 3844 eifrigsten
1048 3779 1166 3828 strebens
1187 3780 1229 3828 fiir

53 3870 95 3918 die
116 3870 285 3930 universnm,
311 3869 391 3917 findet
410 3885 437 3917 er
456 3869 521 3918 doch
542 3867 627 3929 mulla,
654 3868 737 3918 durch
759 3867 874 3932 ausgube
894 3868 959 3916 alter
979 3867 1162 3917 schriftsteller
1181 3885 1227 3918 aus

52 3958 264 4008 bandscbriften:
285 3958 380 4006 Lucius
392 3958 493 4018 Florus,
515 3958 671 4006 Prudentius
683 3971 707 4004 u.
722 3972 753 4017 a,
775 3957 855 4004 durch
870 3958 946 4020 signe
959 3954 1116 4005 historische
1129 3957 1227 4006 werke:

51 4048 82 4096 de
98 4046 257 4105 Caesaribus,
277 4047 307 4095 de
327 4047 479 4095 consulibus
500 4047 682 4104 Rornanorum,
704 4045 809 4094 dustria
829 4060 853 4093 ιι.
872 4062 894 4092 a.
915 4045 1071 4095 littorariscb
1091 4046 1177 4110 thtttig
1196 4061 1228 4095 zu
