2798 4980
633 112 781 178 XXVIII.
814 206 819 220 Ι

195 228 320 299 Florcnz.
520 278 522 282 ,
1058 225 1159 275 esunt
1182 229 1257 278 1491.

115 363 194 437 Pro
228 363 239 410 ¹
272 363 568 438 adolescentibus
602 389 622 436 e
650 361 784 438 Suevia
816 361 935 435 missis
968 361 1017 435 ad
1032 431 1034 435 ,
1051 361 1293 440 Academiam

114 485 352 560 Florentiam
386 485 585 588 [Mamilius
617 483 781 588 Ficinus]
816 474 1008 559 Ludovico
1040 484 1224 561 Nauclero
1259 501 1295 563 et

248 610 274 683 J
276 609 389 683 oanni
407 609 609 684 Phorcensi
627 607 824 731 ⁴Germanis
843 608 869 681 J
870 608 1122 683 urisconsultis
1142 609 1167 684 ².
1284 601 1288 608 ¹

213 785 361 851 Scribitis
391 785 434 850 ad
464 806 522 851 nos
554 791 727 870 vestroque
760 785 887 850 nomine
918 785 1099 852 Germania
1127 787 1291 872 principes

112 891 321 956 Florentiam
353 891 577 958 adolescentes
607 891 987 976 erudiendos,tanquam
1022 893 1064 958 ad
1089 894 1294 959 academiam

112 995 221 1074 filios,
245 998 341 1061 immo
359 1019 398 1061 ex
414 997 583 1062 academia
598 999 727 1063 mittere
744 996 925 1077 videamini,
950 1007 1048 1082 atque
1061 1001 1147 1083 apud
1165 1006 1294 1064 exteras

113 1104 271 1167 nationes
301 1103 490 1186 perquirere
521 1103 611 1168 vobis
631 1105 700 1186 jam
724 1103 934 1168 domesticam
959 1104 1169 1187 disciplinam.
1217 1105 1294 1182 Quae

112 1229 232 1273 rerum
249 1208 435 1272 vicissitudo
449 1209 519 1272 est?
543 1209 705 1286 Quantum
715 1209 890 1274 insolentes
903 1209 1057 1292 plaerique
1068 1231 1157 1275 more
1170 1210 1294 1293 sophis-

112 1319 230 1378 tarum
252 1312 359 1377 aliena
381 1320 503 1378 temere
524 1312 728 1397 profitentur,
751 1320 878 1379 tautum
903 1336 958 1379 vos
980 1314 1210 1379 modestissimi
1233 1315 1294 1378 viri

112 1418 171 1484 vel
196 1419 330 1501 propria
359 1418 426 1483 ritu
450 1418 609 1484 socratico
633 1417 827 1498 diffitemini,
856 1418 917 1485 hoc
947 1441 1013 1502 pree
1046 1420 1162 1485 ceteris
1192 1418 1317 1484 admi.

112 1523 217 1590 randi
234 1523 321 1613 quod
337 1545 434 1607 quam
458 1524 585 1600 curiose
608 1523 702 1588 multi
725 1523 853 1608 lapillos
876 1529 973 1588 terrae
989 1523 1167 1589 visceribus
1183 1546 1295 1591 recon-

113 1631 208 1694 ditos
225 1634 481 1713 perscrutantur,
497 1635 566 1695 tam
581 1637 733 1695 accurate
749 1651 805 1694 vos
821 1628 981 1694 caelestem
1004 1631 1170 1714 sapientiae
1190 1630 1296 1714 splen·

114 1737 237 1800 dorem
263 1733 384 1820 ubique
413 1735 556 1818 gentium
587 1734 828 1819 prosequimini.
873 1734 1089 1811 Quamobrem
1112 1735 1295 1800 incredibili

115 1840 266 1927 quodam
290 1861 400 1905 amore
431 1861 509 1924 erga
536 1862 594 1906 vos
617 1839 736 1919 affecti,
767 1838 1010 1905 adolescentum
1035 1847 1218 1906 vestrorum
1242 1862 1296 1906 cu·

114 1967 194 2012 ram
212 1945 268 2029 pia
290 1953 398 2011 mente
422 1946 631 2030 suscepimus,
655 1946 744 2011 etin
768 1945 880 2029 primis
904 1945 1019 2029 insigni
1036 1946 1158 2030 pietate
1176 1946 1295 2030 hospiti

116 2051 433 2131 commendavimus,
464 2051 678 2137 dabimusque
707 2050 811 2116 indies
835 2072 994 2134 operam,
1017 2057 1053 2116 ut
1076 2072 1153 2135 ager
1177 2059 1295 2116 natura

118 2158 243 2223 fertilis
274 2156 399 2240 frugem
421 2156 616 2241 quandoque
647 2157 794 2241 proferat
823 2154 1062 2221 felicissimam.
1109 2157 1173 2222 Vos
1196 2156 1296 2240 igitur

119 2263 210 2329 bono
239 2262 346 2326 animo
371 2267 476 2328 estote
504 2268 537 2327 et
564 2262 764 2347 principibus
788 2263 904 2334 vestris
932 2267 1044 2326 nostro
1072 2263 1200 2326 nomine
1230 2283 1296 2326 res-

120 2368 278 2453 pondete,
302 2368 539 2450 magnanimum
555 2368 766 2433 Laurentium
783 2368 940 2432 Medicem
957 2368 1048 2451 cujus
1073 2374 1106 2431 et
1121 2366 1182 2450 ipsi
1199 2366 1297 2430 clien-

121 2480 177 2539 tes
202 2493 313 2538 sumus
340 2472 582 2538 adolescentum
609 2473 835 2558 prividentiam
863 2472 1076 2537 libentissime
1104 2472 1294 2555 suscepisse.

125 2585 145 2646 5
170 2579 261 2646 Junii
280 2583 373 2643 1491.
419 2578 457 2642 In
473 2599 550 2662 agro
574 2578 722 2662 Caregio.

152 2700 155 2707 '
221 2693 236 2747 1
262 2708 305 2743 =
327 2689 457 2761 Epistole
478 2689 602 2747 Marsilii
623 2690 715 2747 Ficiui
737 2690 742 2768 1
762 2688 932 2748 Florentiui.
971 2688 1027 2747 Am
1048 2686 1171 2746 schluss:
1195 2686 1236 2747 M.
1261 2687 1295 2748 Ρ.

124 2795 271 2855 Floretini
293 2794 507 2867 Eloquctissimi
529 2796 588 2855 uiri
607 2796 737 2868 Epistole
757 2793 913 2854 familiares
935 2794 1069 2853 foeliciter
1090 2793 1207 2852 finiunt:
1239 2795 1296 2852 Im·

123 2918 218 2978 pensa
239 2899 409 2973 Hieronymi
423 2900 530 2959 Blondi
551 2901 711 2960 Florentini
802 2885 939 2973 impresse
963 2900 1151 2959 venetiis
1191 2898 1246 2958 nie
1268 2906 1298 2958 et

125 3007 200 3066 hora
223 3003 375 3064 Mercurii:
396 3006 502 3080 Vigilia
523 3005 590 3066 Divi
614 3005 747 3078 Gregorii
768 3021 843 3064 anno
864 3005 964 3063 salutis
987 3003 1295 3064 MCCCCLXXXXV.

126 3110 176 3173 iol.
195 3110 352 3170 CLXXVI.
385 3111 513 3172 2=G.
530 3128 557 3171 v.
574 3104 690 3172 eblb
707 3128 766 3186 sq.;
790 3111 912 3171 3=J.
929 3129 956 3172 v.
973 3116 1099 3184 e.a4¹¹;
1125 3109 1250 3197 4:G.
1268 3127 1295 3170 v.

129 3234 154 3278 e.
171 3217 200 3277 11
214 3215 267 3276 tol.
287 3217 331 3275 5³·
341 3210 368 3275 b.

705 3369 724 3413 11

207 3500 218 3546 1
239 3494 290 3546 Pro
310 3509 337 3546 u.
356 3509 378 3545 s.
397 3510 428 3547 w.
447 3493 618 3560 congelassen
639 3499 663 3546 2.
684 3498 753 3549 314.
821 3499 835 3547 2
856 3479 1005 3551 Aufschriit
1022 3494 1049 3544 in
1073 3496 1096 3545 2.
1116 3494 1140 3544 3.
1161 3498 1184 3546 4.
1204 3495 1297 3546 biarci-

132 3581 183 3634 lius
202 3584 311 3634 FicInus
335 3583 505 3634 Florentinus
529 3583 627 3634 Joauni
652 3584 780 3635 Reuclrlin
807 3584 953 3634 Phorcensi
977 3589 1004 3633 et
1028 3582 1163 3633 Lodovico
1183 3582 1297 3647 (nudor.

135 3674 168 3736 3).
197 3673 327 3724 Nauclero
347 3673 494 3724 Germania
511 3671 715 3722 Juriseonsultis
739 3672 763 3724 S.
802 3659 874 3724 liber
893 3673 930 3722 M.
950 3671 977 3719 F.
998 3669 1052 3736 vgl.
1073 3672 1142 3720 Bttlu·
1164 3675 1191 3721 in
1214 3672 1297 3722 Erech

135 3761 184 3810 und
204 3762 308 3812 Gruber
327 3764 348 3824 I,
367 3766 401 3810 44
421 3777 441 3810 s.
464 3765 475 3810 1
496 3760 538 3811 bis
560 3764 589 3811 18
609 3760 662 3810 und
682 3762 821 3822 Reumont,
847 3759 963 3808 Loreuzo
991 3759 1031 3809 dc'
1050 3759 1147 3808 Medici
1172 3760 1203 3821 II,
1223 3774 1243 3808 s.
1264 3763 1296 3808 2¹1

135 3847 173 3898 bis
191 3854 233 3900 40.
302 3853 317 3900 3
338 3851 354 3898 8
373 3848 448 3899 Juuii
467 3854 490 3898 ⁴2.
511 3854 534 3898 4.
565 3847 637 3898 Nucb
658 3852 821 3914 suscepisse:
844 3848 933 3903 Velctc
953 3849 977 3898 3.
998 3847 1086 3897 datum
1106 3847 1158 3895 und
1179 3854 1219 3896 ort
1239 3861 1298 3897 aus-

136 3938 253 4003 gelascen
272 3939 297 3989 3.
318 3936 459 3988 Florentia
477 3937 658 4004 hiurugeIIIgt.
678 3941 701 3988 2.
723 3942 748 3987 4.
